2787 4328
1033 316 1301 363 SATVRA
1345 315 1472 364 xrv
2234 320 2352 386 107

104 491 406 552 corpora
436 469 675 550 quique
703 469 862 531 solet
888 472 1136 531 rectum
1165 469 1543 531 descendere
1573 470 1819 544 funem,

110 589 336 649 quam
367 572 464 642 111,
503 567 766 648 Corycia
794 588 1040 648 semper
1069 567 1178 647 qui
1209 588 1426 648 puppe
1455 567 1717 629 moraris

106 670 336 746 atque
364 666 615 727 habitas
643 685 1060 746 coro-semper
1091 665 1413 727 tollendus
1442 669 1505 727 et
1534 669 1769 739 austro,

106 764 432 845 perditus
459 783 533 825 ac
562 763 706 825 vilis
735 763 892 825 sacci
924 767 1235 824 mercator
1265 763 1513 837 olentis,

111 863 249 942 qui
284 862 521 942 gaudes
550 861 789 942 pingue
819 861 1120 940 antiquae
1152 862 1230 922 de
1260 861 1445 923 litore
1477 861 1701 923 Cretae
2230 866 2349 927 270

109 980 398 1039 passum
427 964 492 1022 et
521 959 877 1039 municipes
906 959 1074 1021 Iovis
1103 958 1424 1020 advexisse
1455 961 1709 1039 lagonas
1729 962 1759 1020 ?

112 1057 245 1118 hic
276 1061 497 1119 tamen
524 1057 792 1137 ancipiti
827 1058 1022 1137 figens
1052 1056 1314 1137 vestigia
1342 1057 1563 1138 planta

112 1154 386 1215 victum
416 1154 529 1215 illa
557 1154 846 1215 mercede
872 1157 1077 1234 parat,
1111 1154 1531 1233 brumamque
1559 1155 1918 1234 famemque

112 1252 249 1313 illa
277 1255 444 1314 reste
475 1255 682 1314 cavet:
727 1255 798 1313 tu
831 1255 1093 1333 propter
1121 1251 1297 1314 mille
1325 1251 1569 1313 talenta

115 1353 200 1412 et
230 1354 497 1411 centum
527 1349 708 1411 villas
736 1349 1129 1411 temerarius.
1217 1348 1425 1429 aspice
1453 1353 1677 1429 portus
2227 1354 2347 1416 2¹75

117 1451 204 1509 et
233 1448 502 1527 plenum
535 1447 782 1528 magnis
810 1447 1096 1509 trabibus
1125 1466 1329 1508 mare:
1374 1447 1518 1527 plus
1546 1446 1883 1509 hominum
1912 1453 2005 1510 est
2038 1449 2160 1509 iam

117 1545 207 1605 111
239 1544 488 1624 pelago.
579 1544 788 1606 veniet
816 1543 1048 1619 classis,
1085 1563 1489 1624 quocumque
1520 1544 1758 1606 vocarit

118 1663 281 1721 spes
307 1642 496 1717 lucri,
531 1662 648 1704 nec
678 1642 1094 1723 Carpathium
1130 1642 1523 1723 Gaetulaque
1551 1645 1808 1703 tantum

119 1760 416 1821 aequora
446 1740 779 1814 transiliet,
814 1741 920 1802 sed
949 1741 1138 1821 longe
1169 1740 1364 1821 Calpe
1395 1740 1615 1802 relicta

121 1838 362 1900 audiet
392 1838 707 1900 Herculeo
736 1837 1112 1900 stridentem
1140 1838 1399 1918 gurgite
1429 1838 1641 1899 solem.
2227 1843 2346 1902 280

122 1936 383 2017 grande
413 1956 637 2016 operae
664 1936 943 2016 pretium
975 1939 1088 2010 est,
1125 1938 1201 1996 ut
1228 1939 1410 1997 tenso
1440 1935 1592 1997 folle
1622 1935 1856 1999 reverti

123 2034 292 2096 inde
321 2034 585 2095 domum
614 2034 811 2114 possis
840 2034 1214 2113 tumidaque
1243 2034 1554 2114 superbus
1580 2034 1777 2108 aluta,

128 2131 381 2195 Oceani
409 2134 694 2194 monstra
722 2133 787 2193 et
813 2130 1072 2194 iuvenes
1101 2131 1329 2194 vidisse
1359 2131 1659 2195 marinos.
1779 2179 1786 2184 .

129 2250 271 2292 non
302 2251 470 2292 unus
498 2233 745 2292 mentes
773 2229 974 2309 agitat
1002 2230 1204 2291 furor.
1291 2230 1401 2292 ille
1431 2229 1658 2293 sororis

125 2329 208 2390 in
238 2328 535 2390 manibus
564 2328 749 2390 vultu
780 2328 1216 2389 Eumenidum
1248 2331 1523 2390 terretur
1550 2331 1616 2390 et
1644 2328 1801 2409 igni,
2226 2333 2344 2392 285

129 2427 247 2489 hic
274 2427 433 2489 bove
461 2446 756 2507 percusso
786 2426 1035 2506 mugire
1063 2426 1549 2506 Agamemnona
1579 2427 1783 2489 credit

4 2573 7 2582 ,
129 2528 253 2587 aut
284 2525 612 2587 Ithacum:
656 2527 874 2603 parcat
903 2523 1140 2585 tunicis
1169 2524 1317 2586 licet
1345 2527 1537 2604 atque
1566 2525 1857 2600 lacernis,

129 2622 450 2713 curatoris
479 2625 622 2702 eget
652 2622 761 2701 qui
793 2641 1017 2683 navem
1047 2621 1364 2683 mercibus
1392 2621 1620 2701 implet

131 2721 220 2782 ad
251 2740 577 2781 summum
606 2719 776 2781 latus
803 2719 1114 2796 etntabula
1143 2719 1571 2797 distinguitur
1599 2720 1794 2793 unda,

18 2893 21 2896 Ι
132 2838 289 2880 611111
319 2818 403 2879 sit
431 2838 618 2879 causa
646 2817 797 2878 mali
829 2817 995 2879 tanti
1024 2820 1089 2879 et
1117 2815 1503 2878 discriminis
1530 2817 1725 2878 huius
2224 2821 2356 2881 290·

4 2915 7 2922 '
134 2916 465 2978 concisum
496 2917 837 2995 argentum
865 2914 934 2975 in
963 2915 1189 2977 titulos
1218 2913 1537 2993 faciesque
1566 2913 1870 2977 minutas.

135 3016 490 3077 occurrunt
518 3014 719 3075 nubes
747 3016 813 3074 et
840 3012 1131 3092 fulgura:
1167 3012 1184 3041 ‘
1207 3012 1429 3075 solvite
1457 3013 1682 3074 funem
1703 3013 1722 3041 '

137 3111 455 3173 frumenti
486 3110 784 3173 dominus
811 3111 1044 3172 clamat
1076 3110 1388 3191 piperisve
1418 3111 1691 3191 coempti

144 3209 161 3238 ‘
185 3210 276 3271 nil
307 3210 480 3271 color
506 3208 612 3270 1116
641 3209 818 3282 caeli,
855 3207 947 3269 nil
977 3208 1171 3271 fascia
1204 3208 1386 3289 nigra
1414 3208 1728 3285 minatur3

138 3307 454 3370 aestivum
483 3307 714 3369 tonat?
801 3306 1030 3368 infelix
1059 3306 1177 3368 hac
1206 3307 1476 3369 forsitan
1506 3306 1642 3387 ipsa
2224 3312 2341 3373 295

140 3408 327 3467 nocte
355 3405 541 3466 cadet
569 3404 791 3467 fractis
819 3404 1106 3466 trabibus
1136 3405 1467 3485 fluctuque
1497 3409 1823 3485 premetur

141 3503 409 3565 obrutus
437 3506 502 3564 et
531 3523 753 3564 zonam
781 3502 957 3564 laeva
986 3522 1328 3583 morsuque
1359 3503 1623 3565 tenebit.

142 3601 248 3662 sed
279 3599 463 3661 cuius
494 3600 655 3663 votis
683 3601 871 3662 modo
903 3620 1031 3661 non
1061 3601 1398 3662 suffecerat
1426 3620 1658 3663 aurum

145 3698 313 3778 quod
346 3696 559 3777 Tagus
586 3702 650 3760 et
679 3697 877 3759 rutila
906 3697 1105 3759 volvit
1135 3698 1435 3760 Pactolus
1463 3698 1720 3774 harena,

143 3794 381 3878 frigida
408 3795 728 3858 sufficient
755 3794 1025 3857 velantis
1053 3795 1323 3875 inguina
1350 3795 1551 3876 panni
2226 3800 2345 3860 300
