2787 4328
425 248 510 309 26
1161 262 1228 305 D.
1277 262 1472 307 1vN11
1515 261 1899 307 1VVENAL1s

420 411 683 485 Setinis,
718 413 903 475 cuius
930 412 1212 494 patriam
1240 412 1645 493 titulumque
1676 415 1976 473 senectus

420 511 660 573 delevit
688 511 898 571 multa
927 510 1161 572 veteris
1189 509 1472 590 fuligine
1503 514 1729 584 testae,

419 610 607 690 quale
637 609 926 672 coronati
958 609 1242 670 Thrasea
1272 608 1745 689 Helvidiusque
1774 608 2082 669 bibebant

419 707 774 768 Brutorum
804 709 871 768 et
900 706 1080 767 Cassi
1109 706 1456 767 natalibus.
1545 705 1682 786 ipse
1712 724 1975 786 capaces

420 804 770 866 Heliadum
800 808 1048 866 crustas
1077 808 1143 865 et
1174 784 1542 884 inaequales
1572 803 1821 864 berullo

418 902 609 963 Virro
639 906 820 963 tenet
848 902 1097 982 phialas
1124 922 1139 963 t
1183 901 1305 962 tibi
1335 920 1470 962 non
1501 900 1938 962 committitur
1966 919 2220 975 aurum,

416 1000 518 1060 vel
548 1000 600 1061 si
631 1001 890 1080 quando
920 999 1135 1072 datur,
1171 1003 1388 1060 custos
1418 998 1668 1059 adfixus
1705 998 1966 1071 ibidem,

418 1097 529 1177 qui
560 1101 857 1179 numeret
886 1116 1191 1176 gemmas,
1229 1115 1480 1175 ungues
1512 1096 1805 1156 observet
1835 1099 2078 1157 acutos.

418 1194 501 1256 da
528 1194 803 1268 veniam,
837 1194 1163 1274 praeclara
1191 1193 1289 1254 illi
1311 1193 1621 1255 laudatur
1651 1192 1844 1273 iaspis
1867 1215 1915 1275 ·,·

418 1311 570 1353 nam
598 1292 811 1365 Virro,
847 1295 923 1352 ut
952 1291 1168 1364 multi,
1204 1309 1492 1371 gemmas
1525 1290 1607 1351 ad
1636 1290 1870 1370 pocula
1900 1289 2215 1353 transfert

417 1409 456 1450 a
484 1389 729 1469 digitis,
764 1408 921 1469 quas
951 1388 1020 1448 in
1049 1388 1319 1469 vaginae
1347 1389 1569 1449 fronte
1599 1388 1844 1448 solebat

415 1506 654 1567 ponere
684 1487 977 1566 zelotypo
1005 1485 1257 1547 iuvenis
1288 1485 1615 1565 praelatus
1647 1485 1889 1546 Iarbae.

417 1589 494 1645 tu
524 1583 964 1645 Beneventani
995 1583 1233 1645 sutoris
1262 1602 1500 1643 nomen
1530 1583 1878 1645 habentem

417 1680 684 1742 siccabis
714 1680 978 1743 calicem
1007 1700 1313 1742 nasorum
1344 1683 1655 1760 quattuor
1685 1699 1757 1741 ac
1789 1680 1917 1741 iam
1963 1626 2055 1719 Χ

418 1781 791 1859 quassatum
821 1783 886 1840 et
915 1782 1110 1858 rupto
1138 1783 1514 1857 poscentem
1546 1776 1811 1857 sulpura
1840 1777 2028 1839 vitro.

416 1875 470 1938 si
500 1876 869 1937 stomachus
899 1875 1145 1937 domini
1174 1869 1385 1936 fervet
1415 1874 1695 1955 vinoque
1726 1874 2019 1954 ciboque,

416 1971 715 2052 frigidior
747 1972 988 2034 Geticis
1017 1972 1267 2053 petitur
1297 1971 1565 2033 decocta
1593 1971 1844 2051 pruinis
1871 1992 1885 2031 ε

419 2089 549 2131 non
580 2070 802 2131 eadem
831 2069 1010 2132 vobis
1038 2070 1224 2161 miii„
1225 2070 1417 2130 modo
1448 2069 1599 2131 vina
1629 2069 1957 2151 quer-ebal
1969 2069 1999 2131 Ρ

418 2188 529 2229 vos
558 2167 749 2229 aliam
778 2169 1019 2248 potatis
1049 2188 1300 2248 aquam.
1393 2167 1516 2228 tibi
1547 2167 1780 2247 pocula
1810 2187 2031 2228 cursor

420 2264 734 2326 Gaetulus
764 2265 943 2326 dabit
972 2269 1086 2326 aut
1116 2265 1285 2345 nigri
1318 2284 1548 2325 manus
1581 2283 1758 2325 ossea
1788 2264 1999 2324 Mauri

2099 1739 2135 1789 X

418 2365 484 2424 et
514 2363 619 2424 cui
648 2382 762 2443 per
791 2363 1066 2424 mediam
1097 2362 1263 2424 nolis
1295 2383 1630 2425 occurrere
1659 2369 1939 2437 noctem,

355 2519 362 2524 „
419 2459 692 2521 clivosae
720 2459 969 2521 veheris
1000 2460 1156 2520 dum
1186 2480 1301 2540 per
1333 2465 1756 2522 monumenta
1786 2460 2057 2525 Latinae
2084 2478 2104 2525 2

419 2557 533 2618 flos
562 2557 752 2619 Asiae
781 2562 932 2618 ante
960 2562 1198 2637 ipsum,
1232 2559 1443 2638 pretio
1476 2559 1715 2620 maiore
1745 2563 2010 2639 paratus

419 2674 613 2735 quam
640 2654 772 2716 fuit
802 2659 868 2716 et
899 2655 1073 2715 Tulli
1105 2675 1332 2718 census
1366 2657 1680 2737 pugnacis
1709 2661 1774 2717 et
1807 2657 1974 2718 Auci

419 2756 506 2826 et,
540 2772 621 2813 ne
651 2756 715 2813 te
746 2756 1021 2826 teneam,
1059 2753 1505 2823 Romanorum,
1536 2755 1753 2816 omnia
1786 2774 2010 2836 regum

424 2850 668 2914 frivola.
760 2851 933 2930 quod
963 2871 1112 2911 cum
1140 2851 1235 2913 ita
1264 2852 1370 2926 sit,
1408 2857 1483 2914 tu
1520 2853 1870 2915 Gaetulum
1905 2854 2347 2935 Ganymedem

417 2948 682 3028 respice,
718 2968 866 3008 cum
897 2948 1094 3010 sities.
1185 2950 1393 3011 nescit
1422 2954 1524 3011 tot
1556 2950 1816 3012 milibus
1848 2956 2104 3032 emptus

417 3045 807 3126 pauperibus
837 3047 1103 3109 miscere
1130 3067 1291 3128 puer
1321 3068 1339 3125 3
1383 3049 1496 3111 sed
1526 3050 1756 3123 forma,
1794 3049 1904 3111 sed
1934 3053 2110 3112 aetas

419 3142 616 3222 digna
644 3143 1006 3222 supercilio.
1099 3146 1357 3226 quando
1387 3146 1470 3207 ad
1501 3149 1567 3208 te
1599 3146 1896 3227 pervenit
1925 3146 2035 3208 ille
2061 3145 2092 3208 Ρ

420 3240 677 3320 quando
706 3245 971 3321 rogatus
1002 3243 1183 3304 adest
1213 3243 1456 3305 calidae
1488 3243 1865 3326 gelidaeque
1897 3243 2191 3307 minister
2221 3244 2251 3307 ἲ

418 3336 656 3417 quippe
684 3337 1066 3418 indignatur
1093 3339 1296 3400 veteri
1326 3360 1548 3421 parere
1581 3335 1804 3402 clienti
2101 3325 2107 3330 ’

418 3435 719 3515 quodque
749 3435 996 3516 aliquid
1025 3456 1249 3517 poscas
1281 3442 1345 3498 et
1377 3438 1553 3518 quod
1583 3457 1648 3499 se
1679 3441 1893 3499 stante
1923 3439 2281 3503 recumbas.

418 3531 695 3593 maxima
724 3552 1014 3614 quaeque
1046 3533 1272 3595 domus
1297 3535 1495 3596 servis
1527 3543 1623 3596 est
1652 3535 1844 3615 plena
1874 3535 2188 3616 superbis.
2220 3538 2285 3620 *l

405 3655 562 3698 ecce
592 3636 756 3698 alius
785 3641 1030 3718 quanto
1059 3638 1347 3717 porrexit
1377 3658 1709 3700 murmure
1739 3659 1974 3720 panem

418 3733 526 3796 vix
553 3733 861 3809 fractum,
895 3733 1138 3797 solidae
1166 3734 1297 3797 iam
1329 3736 1587 3798 mucida
1613 3738 1828 3798 frusta
1855 3737 2127 3810 farinae,

2533 514 2644 573 ’35

2543 1002 2636 1062 40

2543 2469 2623 2528 55

2543 2958 2626 3017 60

2544 3444 2621 3506 65
