2787 4328
351 274 433 355 78
1097 293 1160 339 n.
1212 295 1404 343 1vn11
1449 292 1830 344 1vvmums

347 441 429 502 ad
461 402 756 517 Phialen3
803 444 1056 504 tantum
1085 444 1346 507 artificis
1376 445 1544 508 valet
1574 444 1813 507 halitus
1842 442 1989 518 orie,
2037 485 2043 494 ·
2083 446 2087 451 “

349 539 518 618 quod
547 543 807 601 steterat
835 540 1056 602 multis
1085 541 1153 602 in
1182 561 1431 605 carcere
1457 542 1722 605 fornicis
1748 541 1955 604 annis.

348 641 432 697 ut·
451 637 706 716 vigeant
733 657 950 699 sensus
977 638 1196 714 animi,
1233 641 1525 702 ducenda
1555 644 1770 702 tamen
1799 643 1953 702 sunt

345 733 576 795 funera
605 739 921 808 natorum,
956 755 1148 816 rogus
1174 737 1577 817 aspiciendus
1604 741 1849 800 amatae
1885 751 1892 757 ’

345 832 633 913 coniugis
660 836 726 894 et
752 833 971 895 fratris
1010 836 1359 915 plenaeque
1391 835 1711 897 sororibus
1740 855 1961 898 urnae.

344 931 498 994 haec
527 932 675 993 data
703 952 906 1012 poena
940 933 1050 994 diu
1084 933 1464 1006 viventibus,
1502 937 1578 994 ut
1607 936 1905 1017 renovata

345 1049 590 1110 semper
617 1030 794 1091 clade
824 1030 1050 1092 domus
1079 1032 1300 1093 multis
1329 1032 1399 1092 in
1428 1031 1708 1094 luctibus
1749 1031 1946 1111 inque

343 1131 651 1208 perpetuo
680 1148 957 1189 maerore
984 1134 1050 1190 et
1077 1129 1262 1209 nigra
1292 1133 1464 1191 veste
1506 1132 1852 1191 senescant.

344 1244 454 1287 rex
485 1225 723 1305 Pylius,
760 1246 990 1306 magno
1019 1227 1070 1288 si
1102 1228 1453 1307 quidquam
1483 1227 1687 1289 credis
1716 1227 2019 1302 Homero,

343 1324 706 1403 exemplum
736 1323 902 1384 vitae
931 1324 1063 1384 fuit
1089 1343 1127 1385 a
1154 1325 1405 1386 cornice
1434 1324 1769 1387 secundae.

342 1420 501 1483 felix
530 1421 859 1494 nimirum,
894 1422 1004 1500 qui
1033 1425 1132 1482 tot
1159 1442 1272 1503 per
1301 1423 1552 1484 saecula
1579 1426 1850 1484 mortem

345 1518 599 1580 distulit
625 1523 818 1599 atque
849 1539 992 1580 suos
1020 1519 1147 1580 iam
1177 1520 1401 1581 dextra
1429 1522 1741 1599 conputat
1769 1538 1991 1595 annos,

346 1616 582 1696 quique
610 1635 848 1678 novum
877 1616 1111 1678 totiens
1138 1620 1426 1678 mustum
1458 1617 1638 1678 bibit.
1728 1637 1859 1691 oro,
1892 1637 2237 1699 parumper

345 1713 635 1775 attendas
664 1717 976 1794 quantum
1008 1714 1086 1776 de
1116 1714 1361 1794 legibus
1388 1715 1524 1795 ipse
1555 1717 1863 1794 queratur

344 1811 627 1872 fatorum
655 1817 720 1872 et
748 1810 949 1872 nimio
977 1812 1055 1873 de
1084 1811 1375 1901 stamine,
1409 1831 1558 1874 cum
1589 1812 1766 1874 videt
1794 1812 1956 1889 ΨΒ

345 1908 676 1969 Antilochi
705 1908 961 1969 barbam
991 1909 1341 1983 ardentem,
1377 1929 1527 1971 cum
1557 1910 1806 1989 quaerit
1834 1910 1913 1971 ab
1944 1909 2121 1970 omni

345 2005 632 2087 quisquis
659 2006 835 2067 adest
864 2006 1088 2080 socius,
1123 2027 1238 2068 cur
1265 2007 1421 2069 haec
1451 2007 1520 2067 in
1551 2011 1839 2088 tempora
1868 2008 2081 2081 duret,

346 2104 517 2184 quod
546 2103 795 2164 facinus
823 2103 1092 2184 dignum
1124 2107 1256 2167 tam
1283 2105 1478 2185 longo
1507 2104 1838 2167 admiserit
1866 2123 2038 2168 aevo·

345 2201 498 2264 haec
526 2202 745 2264 eadem
776 2202 999 2264 Peleus
1027 2206 1284 2283 raptum
1314 2223 1463 2265 cum
1492 2204 1675 2284 luget
1704 2203 2025 2278 Achillen,

344 2303 537 2380 atque
563 2300 726 2362 alius
752 2300 854 2361 cui
883 2301 982 2384 ias
1012 2300 1310 2362 Ithacum
1338 2301 1558 2381 lugere
1587 2305 1935 2363 natantem.
2051 2325 2077 2366 ,κ
2112 2321 2155 2344 ’¹

345 2397 651 2459 incolumi
682 2397 872 2460 Troia
902 2398 1193 2459 Priamus
1222 2400 1496 2478 venisset
1523 2399 1605 2461 ad
1635 2399 1892 2461 umbras

347 2494 632 2557 Assaraci
661 2495 909 2575 magnis
936 2467 1349 2558 sollemnissus
1378 2497 1657 2559 Hectore
1686 2498 1885 2559 funus

344 2597 639 2672 portante
667 2614 739 2655 ac
767 2594 1028 2673 reliquis
1055 2595 1332 2655 fratrum
1361 2594 1711 2656 cervicibus
1740 2594 1910 2656 inter

339 2691 623 2766 ‚Iliadum
652 2691 961 2765 lacrimas,
995 2695 1071 2753 ut
1101 2691 1337 2772 primos
1364 2692 1549 2754 edere
1579 2692 1876 2772 planctus

347 2789 696 2850 Cassandra
723 2789 1032 2869 inciperet
1061 2788 1372 2869 scissaque
1404 2789 1724 2868 Polyxena
1751 2789 1941 2869 palla,

344 2886 394 2947 si
423 2886 593 2947 foret
622 2886 951 2949 extinctus
980 2886 1225 2948 diverso
1256 2891 1563 2967 tempore,
1599 2906 1725 2967 quo
1755 2906 1885 2948 non

343 2987 632 3064 coeperat
660 2985 925 3046 audaces
954 2984 1131 3046 Paris
1161 2985 1490 3046 aedificare
1519 2984 1785 3046 carinas.

342 3081 533 3162 longa
560 3080 693 3143 dies
723 3081 921 3161 igitur
952 3081 1107 3162 quid
1136 3081 1461 3143 contulit?
1544 3081 1757 3143 omnia
1782 3081 1942 3144 vidit

342 3199 554 3242 eversa
580 3182 646 3242 et
674 3179 944 3242 fiammis
966 3179 1183 3241 Asiam
1213 3180 1509 3260 ferroque
1537 3180 1892 3242 cadentem.

342 3280 501 3339 tunc
529 3277 712 3340 miles
740 3278 1050 3340 tremulus
1078 3277 1285 3358 posita
1315 3277 1468 3339 tulit
1495 3297 1671 3339 arma
1700 3276 1859 3338 tiara

342 3379 408 3439 et
435 3376 570 3437 ruit
597 3379 745 3438 ante
773 3396 946 3438 aram
976 3375 1208 3438 summi
1239 3375 1408 3438 Iovis
1439 3378 1512 3436 ut
1543 3375 1795 3437 vetulus
1825 3375 1954 3450 bos,

345 3474 454 3555 qui
484 3474 729 3537 domini
758 3474 981 3538 cultris
1009 3478 1205 3536 tenue
1233 3477 1300 3536 et
1327 3473 1684 3535 miserabile
1714 3472 1950 3534 collum

342 3572 599 3653 praebet
628 3572 706 3634 ab
734 3572 985 3653 ingrato
1013 3571 1140 3633 iam
1171 3571 1499 3633 fastiditus
1527 3573 1753 3632 aratro.

342 3669 548 3732 exitus
577 3669 686 3732 ille
709 3673 1063 3762 lutcumque
1091 3669 1393 3743 hominis,
1429 3669 1538 3731 sed
1567 3671 1749 3730 torva
1777 3668 2006 3731 canino

342 3765 600 3829 latravit
629 3767 795 3829 rictu
826 3786 985 3848 quae
1012 3760 1157 3849 post
1183 3766 1359 3828 hunc
1389 3765 1632 3860 vixerat
1659 3784 1840 3826 uxor.

2437 609 2655 706 240‘

2434 1134 2565 1194 245

2432 1622 2559 1681 250

2434 2109 2552 2169 255

2433 2601 2552 2659 260

2431 3089 2547 3148 265

2430 3576 2544 3638 270
