2787 4328
400 221 476 283 18
517 276 523 281 .
1122 234 1183 280 D.
1237 234 1430 281 IVNII
1473 237 1856 285 1vvnNAL1s

380 385 742 448 admittunt
774 385 802 446 Ρ
879 385 1128 465 magnis
1158 385 1387 466 opibus
1419 388 1740 450 dormitur
1768 389 1837 451 in
1869 390 2049 452 urbe.

380 483 532 569 igdsp
562 493 758 562 caput
787 483 1014 543 morbi.
1096 484 1437 544 raedarum
1466 486 1781 548 transitus
1811 491 1955 553 arto

380 583 670 641 vicorum
699 580 937 641 inflexu
970 584 1034 641 et
1064 581 1296 641 stantis
1326 581 1617 643 convicia
1647 584 1953 645 mandrae

382 674 659 758 eripient
689 697 985 738 somnum
1018 678 1229 739 Druso
1261 678 1611 759 vitulisque
1641 679 1928 742 marinis.

382 774 435 834 si
467 779 651 835 vocat
681 774 984 847 officium,
1021 775 1211 835 turba
1241 775 1511 836 cedente
1541 775 1816 837 vehetur

382 871 558 932 dives
589 876 655 932 et
683 872 935 952 ingenti
966 877 1183 933 curret
1214 892 1406 952 super
1437 892 1548 934 ora
1578 872 1870 935 Liburna

381 972 576 1048 atque
606 969 813 1030 obiter
840 969 1014 1049 leget
1042 974 1156 1057 aut
1187 969 1424 1031 scribet
1454 970 1555 1031 vel
1586 970 1864 1031 dormiet
1894 970 2122 1032 intus·
2103 1016 2123 1048 ,

381 1085 659 1146 namque
688 1067 848 1128 facit
879 1064 1177 1128 somnum
1208 1056 1425 1129 clausa
1452 1064 1684 1129 lectica
1713 1069 2019 1130 fenestra.

381 1166 531 1223 ante
562 1167 781 1225 tamen
812 1164 1075 1226 veniet:
1120 1165 1307 1225 nobis
1338 1165 1843 1273 properantibus
1876 1169 2095 1246 opstat

383 1260 558 1322 unda
585 1261 781 1341 prior,
817 1281 1049 1341 magno
1080 1262 1358 1341 populus
1388 1262 1627 1342 premit
1662 1262 1918 1342 agmine
1938 1262 2197 1324 lumbos

382 1357 494 1436 qui
524 1358 817 1439 sequitur
845 1380 863 1435 3
905 1358 1060 1419 ferit
1089 1359 1195 1419 hic
1227 1358 1472 1431 cubitO,
1507 1359 1663 1420 ferit
1693 1378 1900 1419 assere
1931 1359 2120 1420 duro·
2193 1431 2196 1436 ¹

381 1454 566 1529 alter,
599 1459 664 1517 at
693 1455 799 1517 hic
830 1456 1089 1536 tignum
1112 1455 1311 1536 capiti
1345 1455 1607 1528 incutit,
1643 1455 1752 1517 ille
1783 1459 2148 1518 metretam.

377 1551 651 1632 pinguia
679 1573 867 1614 crura
892 1554 1056 1625 luto,
1090 1553 1317 1633 planta
1344 1573 1495 1614 mox
1525 1553 1814 1633 undique
1846 1572 2082 1633 magna

383 1651 613 1725 calcor,
649 1655 715 1712 et
745 1650 813 1711 in
843 1650 1051 1730 digito
1082 1650 1300 1712 clavus
1331 1650 1492 1711 mihi
1523 1650 1751 1712 militis
1781 1650 2027 1714 haeret.

381 1767 597 1808 nonne
626 1748 802 1809 vides
832 1752 1076 1828 quanto
1106 1748 1468 1809 celebretur
1497 1748 1789 1827 sportula
1816 1749 2001 1810 fumo
2029 1748 2058 1810 ?

382 1849 645 1906 centum
675 1845 1001 1918 convivae,
1037 1845 1331 1925 sequitur
1360 1865 1477 1907 sua
1507 1856 1830 1926 quemque
1862 1845 2099 1907 culina.

384 1941 661 2003 Corbulo
690 1942 798 2004 vix
826 1942 1027 2003 ferret
1055 1946 1157 2003 tot
1185 1963 1335 2004 vasa
1363 1943 1678 2023 ingentia,
1714 1948 1816 2005 tot
1844 1963 1945 2005 res

383 2039 694 2119 inpositas
724 2039 944 2120 capiti,
982 2060 1138 2119 quas
1168 2044 1347 2101 recto
1378 2040 1622 2103 vertice
1651 2044 1872 2121 portat

383 2137 676 2199 servulus
709 2137 942 2199 infelix
972 2140 1037 2199 et
1069 2157 1262 2200 cursu
1293 2137 1572 2200 ventilat
1605 2138 1842 2219 ignem.

382 2235 771 2296 scinduntur
799 2236 1062 2297 tunicae
1092 2240 1301 2297 sartae
1335 2237 1547 2309 modo,
1581 2237 1778 2316 longa
1808 2241 2107 2299 coruscat

381 2352 630 2394 serraco
659 2332 958 2395 veniente
987 2332 1181 2407 abieS,
1216 2336 1412 2413 atque
1442 2333 1645 2395 altera
1674 2334 1903 2413 pinum

381 2430 671 2509 plaustra
698 2429 968 2503 vehunt,
1002 2434 1243 2491 nutant
1272 2430 1402 2491 alte
1433 2431 1805 2510 populoque
1835 2431 2191 2493 minantur.

380 2547 531 2588 nam
561 2527 613 2588 si
642 2527 992 2608 procubuit
1021 2527 1133 2607 qui
1164 2547 1313 2588 saxa
1347 2527 1681 2607 Ligustica
1710 2530 1929 2607 portat

382 2625 517 2687 axis
547 2629 613 2686 et
645 2645 939 2703 eversum
969 2624 1146 2685 fudit
1178 2645 1371 2704 super
1403 2624 1664 2705 agmina
1693 2627 2005 2701 montem,

382 2723 539 2804 quid
567 2726 858 2804 superest
890 2723 967 2784 de
998 2722 1372 2804 corporibus
1404 2722 1432 2785 Ρ
1515 2723 1659 2803 quis
1689 2725 1997 2797 membra,
2033 2725 2178 2805 quis
2207 2745 2351 2789 ossa

379 2821 629 2883 invenit
656 2820 684 2881 ?
767 2819 1081 2881 obtritum
1112 2820 1290 2900 vulgi
1320 2820 1491 2901 perit
1522 2840 1711 2882 omne
1742 2822 2013 2883 cadaver

380 2939 554 2980 more
584 2918 852 2979 animae.
945 2918 1171 2978 domus
1202 2918 1450 2979 interea
1478 2938 1703 2980 secura
1731 2919 2005 2999 patellas

379 3017 507 3078 iam
534 3017 708 3078 lavat
739 3020 804 3076 et
833 3016 1036 3076 bucca¹
1064 3015 1358 3076 foculum
1382 3016 1632 3080 excitat
1662 3022 1727 3077 et
1758 3021 1946 3079 sonat
1976 3017 2196 3080 unctis

379 3114 712 3194 striglibus
743 3117 808 3174 et
831 3114 1022 3194 pleno
1052 3114 1383 3193 componit
1412 3114 1616 3175 lintea
1645 3119 1823 3194 guto.

377 3212 534 3274 haec
564 3211 736 3272 inter
764 3230 996 3292 pueros
1027 3211 1198 3272 varie
1229 3216 1682 3292 properantur,
1719 3217 1786 3274 at
1815 3213 1926 3275 ille

377 3310 506 3372 iam
535 3310 715 3371 sedet
746 3308 813 3369 in
842 3308 982 3390 ripa
1011 3313 1426 3389 taetrumque
1456 3310 1751 3372 novicius
1781 3309 2003 3372 horret

377 3407 717 3489 porthmea
746 3427 864 3467 nec
895 3411 1108 3487 sperat
1139 3407 1391 3468 caenosi
1422 3407 1702 3488 gurgitis
1747 3409 1969 3469 alnum

377 3505 606 3566 infelix
635 3525 754 3566 nec
784 3505 978 3565 habet
1009 3524 1200 3584 quem
1229 3504 1520 3584 porrigat
1544 3525 1651 3565 ore
1690 3505 2018 3568 trientem.

458 3603 701 3683 respice
732 3623 906 3663 nunc
937 3601 1061 3662 alia
1090 3621 1161 3662 ac
1194 3602 1444 3663 diversa
1473 3602 1759 3682 pericula
1787 3605 1998 3666 noctis
2030 3626 2046 3668 ε

379 3702 553 3786 quod
583 3700 865 3782 spatium
893 3699 1085 3761 tectis
1116 3698 1499 3761 sublimibus
1530 3701 1704 3761 unde
1735 3703 2069 3765 cerebrum

2471 876 2600 936 240

2470 1363 2594 1422 245

2467 1819 2774 1926 250⁸„

2467 2340 2591 2401 255
2714 2343 2773 2422 A

2464 2830 2590 2891 260

2444 3320 2588 3381 ’265
2700 3375 2718 3381 -

2764 4247 2774 4291 Ἀ.-
2760 3991 2774 4228 *14
2770 3749 2773 3926 Α
