2787 4328
393 275 473 336 82
1133 287 1195 331 D.
1248 286 1443 333 IVNII
1486 286 1869 334 1vaNAL1s

389 438 625 501 multos
655 456 844 519 porro
873 437 1066 512 vides,
1102 456 1259 518 quos
1286 456 1468 518 saepe
1497 437 1710 501 elusus
1739 440 1819 502 ad
1848 440 2062 522 ipsum
2184 492 2192 499 .

387 537 662 604 creditor
696 535 1036 597 introitum
1065 535 1224 597 solet
1252 538 1582 616 expectare
1610 538 1881 612 macelli,

386 645 452 703 et
480 636 709 720 quibus
738 633 808 694 in
839 633 970 694 solo
1004 632 1257 694 vivendi
1286 652 1475 695 causa
1502 636 1716 715 palato
1743 639 1855 698 est.

386 737 674 818 egregius
701 738 886 795 cenat
917 730 1269 811 meliusque
1297 732 1688 795 miserrimus
1716 734 1945 796 horum

385 843 451 911 et
477 836 606 897 cito
633 851 891 895 casurus
922 830 1046 891 iam
1081 829 1448 910 perlucente
1478 831 1684 893 ruina.
2004 824 2017 838 ‘

387 934 627 995 interea
654 933 879 1011 gustus
911 927 1225 990 elementa
1253 947 1367 1008 per
1396 929 1610 991 omnia
1637 939 1954 1010 quaerunt

387 1049 739 1111 numquam
768 1028 982 1089 animo
1012 1026 1235 1109 pretiis
1267 1028 1697 1108 opstantibus3
1743 1028 2013 1091 interius
2039 1030 2092 1091 si

384 1130 711 1203 adtendas,
747 1128 947 1208 magis
977 1127 1086 1189 illa
1116 1127 1341 1190 iuvant
1369 1147 1529 1208 quae
1556 1127 1760 1208 pluris
1787 1131 2098 1189 ementur.

384 1247 534 1306 ergo
562 1227 722 1289 haut
751 1226 1007 1287 difficile
1038 1228 1135 1287 est
1165 1224 1517 1305 perituram
1546 1245 1850 1288 arcessere
1878 1244 2192 1287 summam

384 1325 672 1387 lancibus
698 1323 1004 1404 oppositis
1038 1322 1132 1385 vel
1166 1323 1388 1384 matris
1419 1323 1697 1404 imagine
1726 1323 1951 1397 fracta,

384 1429 450 1485 et
478 1421 961 1505 quadringentis
992 1420 1275 1481 nummis
1317 1421 1578 1482 condire
1606 1418 1903 1501 gulosum

387 1520 610 1596 fictile;
655 1518 743 1581 sic
777 1518 1041 1581 veniunt
1070 1518 1151 1579 ad
1184 1518 1573 1580 miscillanea
1599 1517 1758 1580 ludi.

385 1619 583 1681 refert
612 1636 761 1697 ergo
790 1615 931 1697 quis
960 1615 1115 1677 haec
1144 1616 1364 1678 eadem
1393 1620 1603 1695 paret3
1647 1616 1718 1676 in
1746 1615 1967 1678 Rutilo
1994 1635 2145 1677 nam

387 1714 639 1777 luxuria
665 1717 780 1787 est,
816 1713 884 1774 in
916 1712 1224 1775 Ventidio
1256 1712 1569 1775 laudabile
1598 1732 1831 1775 nomen

386 1812 584 1874 sumit
610 1814 676 1873 et
703 1831 740 1873 a
766 1830 960 1872 censu
991 1810 1230 1872 famam
1263 1810 1482 1871 trahit.
1569 1810 1753 1872 illum
1783 1830 1899 1890 ego
1928 1809 2065 1871 iure

386 1908 749 1989 despiciam,
785 1908 894 1988 qui
924 1907 1043 1969 scit
1074 1910 1314 1989 quanto
1355 1906 1687 1968 sublimior
1714 1906 1944 1969 Atlans

386 2007 679 2068 omnibus
709 2006 777 2066 in
808 2005 1008 2084 Libya
1037 2004 1121 2066 sit
1150 2004 1498 2078 montibus,
1535 2004 1639 2067 hic
1669 2008 1883 2068 tamen
1912 2004 2085 2066 idem

386 2105 640 2185 ignoret
668 2106 984 2185 quantum
1014 2103 1254 2166 ferrata
1282 2101 1476 2164 distet
1503 2104 1582 2164 ab
1610 2123 1754 2166 arca

388 2202 692 2266 sacculus.
784 2221 818 2262 e
845 2202 1015 2262 caelo
1045 2202 1374 2264 descendit
1398 2203 1566 2281 γνῶθι
1594 2203 1826 2269 σεαυτὸν

387 2301 714 2380 figendum
743 2303 809 2361 et
836 2300 1100 2362 memori
1133 2302 1537 2363 tractandum
1569 2304 1844 2381 pectore,
1878 2300 2008 2362 sive

387 2398 759 2478 coniugium
791 2418 1050 2478 quaeras
1083 2399 1177 2460 vel
1207 2400 1365 2461 sacri
1396 2400 1466 2460 in
1493 2403 1675 2480 parte
1703 2401 1956 2477 senatus

388 2516 519 2559 esse
547 2496 988 2576 velis—neque
1016 2496 1189 2558 enim
1218 2497 1478 2559 loricam
1506 2498 1711 2578 poscit
1738 2495 2013 2558 Achillis

389 2594 733 2668 Thersites,
769 2593 839 2654 in
870 2613 996 2673 qua
1023 2614 1088 2656 se
1116 2595 1489 2657 traducebat
1517 2595 1819 2657 Vlixes—

387 2691 731 2772 ancipitem
762 2711 870 2753 seu
903 2695 975 2753 tu
1006 2712 1238 2772 magno
1268 2693 1634 2754 discrimine
1661 2712 1913 2755 causam

385 2793 714 2870 protegere
744 2789 1047 2863 adfectas,
1084 2794 1145 2851 te
1174 2790 1454 2864 consule,
1488 2790 1593 2852 dic
1621 2789 1741 2851 tibi
1772 2788 1884 2869 qui
1913 2789 2018 2864 sis,

387 2890 598 2949 orator
626 2886 962 2948 vehemens
990 2907 1073 2948 an
1105 2887 1366 2949 Curtius
1395 2891 1461 2949 et
1490 2887 1713 2948 Matho
1743 2887 1998 2948 buccae.

386 2983 704 3045 noscenda
732 2986 827 3044 est
855 3002 1149 3046 mensura
1177 2983 1275 3044 sui
1305 2984 1770 3064 spectandaque
1799 2983 1984 3044 rebus

386 3081 455 3141 in
484 3079 748 3141 summis
778 3078 1208 3160 minimisque,
1243 3081 1436 3142 etiam
1466 3101 1613 3141 cum
1643 3080 1833 3161 piscis
1861 3083 2131 3154 emetur,

386 3198 466 3240 ne
493 3178 770 3239 mullum
800 3177 1039 3258 cupias,
1074 3197 1221 3239 cum
1250 3178 1333 3239 sit
1362 3178 1481 3239 tibi
1509 3178 1696 3258 gobio
1726 3181 1982 3239 tantum

385 3276 452 3336 in
481 3275 724 3338 loculis.
818 3275 961 3355 quis
988 3275 1156 3337 enim
1189 3279 1253 3337 te
1282 3276 1614 3338 deficiente
1643 3275 1934 3337 crumina

383 3380 448 3435 et
475 3376 793 3434 crescente
823 3373 973 3452 gula
1002 3377 1217 3434 manet
1244 3374 1474 3448 exituS,
1508 3394 1647 3435 aere
1675 3377 1940 3454 paterno

382 3491 454 3533 ac
483 3472 668 3533 rebus
698 3471 917 3533 mersis
944 3471 1014 3532 in
1044 3479 1331 3533 ventrem
1360 3471 1636 3532 faenoris
1663 3474 1856 3550 atque

381 3569 626 3647 argenti
659 3569 865 3649 gravis
895 3573 958 3631 et
987 3567 1299 3650 pecorum
1316 3589 1741 3650 agrorumque
1770 3587 2062 3649 capacem
2083 3569 2114 3628 ’τ’

382 3666 617 3727 talibus
646 3687 683 3727 a
711 3666 986 3728 dominis
1014 3670 1158 3747 post
1185 3676 1417 3728 cuncta
1444 3666 1822 3729 novissimus
1848 3665 1980 3727 exit

273 3848 284 3856 ἰ
380 3763 632 3836 anulus,
667 3765 733 3823 et
760 3762 965 3844 digito
993 3763 1314 3825 mendicat
1345 3763 1550 3826 Pollio
1578 3763 1772 3825 nudo.

2526 543 2623 605 10

2523 1033 2604 1093 15

2518 1522 2602 1581 20

2512 2008 2599 2067 25

2511 2501 2594 2560 30

2512 2988 2590 3047 35
