2787 4328
327 2489 376 2669 [

387 265 477 328 60
1124 280 1185 324 n.
1237 279 1435 325 1vm1
1477 279 1696 328 IVVEN
1708 280 1861 326 aus

387 428 496 491 sod
524 428 745 492 venale
770 449 964 511 pecus
996 429 1350 511 Coryphaei
1376 436 1565 523 1³99&ss
1599 432 1611 445 '
1741 418 1807 493 et

389 527 674 607 Hirpini,
707 526 759 589 si
789 547 930 589 rara
957 528 1111 607 iugo
1138 527 1404 590 victoria
1434 526 1626 606 sedit3

387 624 479 686 nil
511 625 599 686 ibi
630 625 942 686 maiorum
972 630 1315 707 respectus,
1349 627 1556 706 gratia
1586 626 1764 689 nulla

387 723 789 799 umbrarum3
833 724 1125 786 dominos
1151 725 1373 805 pretiis
1402 730 1650 786 mutare
1681 725 1985 787 iubentur

386 819 654 900 exiguis,
691 822 845 882 trito
874 822 1124 883 ducunt
1150 823 1468 902 epiraedia
1496 823 1659 884 collo

386 917 758 999 segnipedes
785 919 1091 1000 dignique
1120 922 1353 982 molam
1382 941 1628 983 versare
1654 924 1936 1001 nepotes.

386 1034 537 1095 ergo
567 1011 977 1078 ut'miremur
1005 1024 1093 1092 te,
1127 1038 1258 1080 non
1287 1023 1422 1093 tua,
1457 1018 1713 1116 privum
1742 1019 1986 1098 aliquid
2016 1020 2120 1094 da,

387 1114 555 1193 quod
584 1115 818 1194 possim
847 1116 1056 1178 titulis
1085 1113 1366 1178 incidere
1397 1121 1646 1196 praeter
1674 1116 1943 1178 honores

388 1229 545 1289 quos
572 1211 700 1273 illis
727 1213 952 1274 damus
978 1233 1052 1274 ac
1080 1213 1395 1289 dedimus,
1430 1214 1661 1295 quibus
1691 1215 1902 1276 omnia
1932 1215 2138 1276 debes.

467 1306 621 1370 haec
650 1310 801 1371 satis
829 1311 909 1372 ad
940 1311 1233 1373 iuvenem
1264 1331 1454 1391 quem
1484 1312 1666 1373 nobis
1693 1312 1867 1374 fama
1895 1313 2238 1392 superbum

385 1406 585 1467 tradit
612 1410 677 1468 et
704 1407 1000 1469 inflatum
1028 1409 1417 1489 plenumque
1447 1409 1702 1471 Nerone
1730 1409 2120 1490 propinquo;

384 1523 568 1565 rarus
597 1504 770 1565 enim
799 1505 999 1601 {orme
1028 1525 1244 1568 sensus
1272 1506 1630 1567 communis
1663 1505 1733 1567 in
1762 1506 1875 1567 illa

385 1601 665 1663 fortuna.
757 1600 864 1664 sed
896 1608 960 1664 te
988 1603 1227 1664 censeri
1255 1604 1443 1665 laude
1472 1607 1755 1677 tuorum,

388 1697 673 1773 Pontice,
707 1698 1018 1761 noluerim
1053 1701 1142 1761 sic
1172 1703 1247 1761 ut
1275 1701 1441 1762 nihil
1471 1701 1604 1781 ipse
1631 1701 1889 1763 futurae

385 1795 592 1857 laudis
619 1817 786 1876 agas.
876 1798 1175 1860 miserum
1205 1802 1301 1860 est
1327 1799 1599 1860 aliorum
1635 1799 2004 1861 incumbere
2032 1800 2262 1874 famae,

386 1913 467 1955 ne
494 1895 789 1975 conlapsa
816 1900 1009 1957 ruant
1036 1896 1367 1958 subductis
1397 1901 1565 1958 tecta
1593 1896 1926 1958 columnis.

386 1995 625 2054 stratus
653 1993 834 2053 humi
864 1988 1103 2074 palmes
1130 1995 1354 2057 viduas
1382 1994 1698 2057 desiderat
1726 1995 1952 2056 ulmos.

387 2092 519 2151 esto
548 2089 758 2152 bonus
779 2092 981 2166 miles,
1017 2094 1193 2153 tutor
1221 2093 1446 2167 bonus,
1479 2093 1720 2154 arbiter
1749 2092 1917 2154 idem

385 2187 662 2268 integer3
706 2190 1039 2269 ambiguae
1068 2190 1121 2251 si
1150 2192 1407 2270 quando
1436 2191 1709 2253 citabere
1738 2191 1917 2253 testis

384 2286 790 2367 incertaeque
821 2287 931 2362 rei,
968 2287 1254 2349 Phalaris
1284 2289 1434 2350 licet
1463 2288 1735 2369 imperet
1763 2295 1838 2349 ut
1866 2288 1951 2350 sis

384 2384 583 2445 falsus
610 2388 674 2445 et
703 2385 960 2447 admoto
990 2384 1188 2446 dictet
1216 2385 1498 2466 periuria
1527 2389 1734 2460 taum,

386 2501 704 2542 summum
739 2483 921 2544 crede
950 2483 1130 2544 nefas
1157 2483 1438 2544 animam
1468 2484 1786 2564 praeferre
1816 2483 2048 2563 pudori

385 2582 450 2641 et
477 2583 738 2661 propter
764 2580 962 2641 vitam
994 2580 1249 2643 vivendi
1277 2582 1540 2661 perdere
1570 2601 1806 2642 causas.
2082 2488 2117 2656 J

385 2677 447 2737 di
455 2697 620 2756 gnus
648 2681 852 2739 morte
879 2678 1065 2758 perit,
1102 2682 1287 2739 cenet
1315 2678 1466 2740 licet
1494 2682 1702 2740 ostrea
1727 2681 1988 2739 centum

386 2774 682 2836 Gaurana
709 2779 773 2836 et
805 2775 1013 2836 Cosmi
1044 2779 1183 2837 toto
1212 2779 1542 2855 mergatur
1568 2796 1743 2837 aeno.

383 2877 712 2954 expectata
739 2873 851 2934 diu
882 2874 1140 2935 tandem
1170 2873 1496 2954 provincia
1524 2893 1671 2935 cum
1702 2877 1765 2936 te

383 2974 692 3032 rectorem
721 2970 1018 3050 accipiat,
1051 2991 1216 3050 pone
1245 2970 1373 3032 irae
1404 2971 2026 3053 frena‚modumque,

383 3088 550 3148 pone
579 3071 643 3129 et
669 3068 989 3142 avaritiae,
1023 3068 1318 3130 miserere
1347 3068 1615 3149 inopum
1645 3069 2042 3131 sociorum—-

383 3186 518 3227 ossa
546 3166 721 3227 vides
749 3185 964 3226 rerum
993 3167 1209 3229 vacuis
1237 3170 1467 3227 exucta
1496 3166 1878 3227 medullis-

383 3263 621 3344 respice
654 3263 804 3344 quid
836 3268 1139 3326 moneant
1166 3264 1355 3343 leges,
1392 3264 1548 3343 quid
1579 3264 1754 3325 curia
1784 3265 2066 3339 mandet,

382 3363 661 3460 praegnia
691 3369 929 3441 quanta
956 3363 1154 3423 bonos
1182 3366 1504 3436 maneant,
1541 3382 1731 3442 quam
1761 3362 2237 3452 fulminejusto

381 3466 447 3522 et
479 3459 703 3540 Capito
732 3466 797 3521 et
826 3459 1133 3522 Numitor
1162 3460 1412 3521 ruerint
1441 3460 1785 3521 damnante
1815 3469 2038 3522 senatu

381 3558 625 3636 piratae
655 3557 949 3619 Cilicum.
1038 3558 1145 3620 sed
1176 3557 1332 3637 quid
1360 3557 1688 3619 damnatio
1717 3559 1971 3620 confert
1989 3560 2019 3619 P

382 3674 776 3735 praeconem,
812 3654 1190 3736 Ohaerippe,
1225 3654 1355 3716 tuis
1398 3654 1812 3735 circumspice
1840 3655 2094 3735 pannis,

382 3771 530 3812 cum
560 3752 765 3813 Pansa
790 3751 1021 3832 eripiat
1047 3752 1361 3834 quidquid
1390 3752 1512 3814 tibi
1541 3752 1742 3815 Natta
1771 3751 2052 3833 reliquit,

2525 731 2608 788 65

2523 1217 2603 1279 70

2521 1707 2599 1767 75

2519 2198 2601 2257 80

2436 2626 2673 2652 ..θ’-’-“““““”““““”

2516 2685 2595 2744 85

2514 3174 2594 3231 90

2512 3662 2592 3721 95
