2787 4328
450 289 570 338 110
1178 288 1240 333 D.
1292 287 1486 337 IVNII
1531 286 1915 334 IVVENALIS

442 461 572 503 esse
599 441 749 502 deos
776 460 934 521 quos
964 440 1096 522 ipse
1124 442 1295 503 colit.
1387 441 1494 502 sed
1527 444 1811 521 tempore
1839 440 2006 501 festo

439 538 702 600 alterius
729 537 952 619 populi
984 539 1287 619 rapienda
1315 538 1557 600 occasio
1586 538 1836 599 cunctis

440 637 572 698 visa
601 637 1007 697 inimicorum
1038 636 1424 716 primoribus
1452 657 1524 697 ac
1554 636 1847 709 ducibus,
1882 655 1961 696 ne

440 735 679 796 laetum
710 735 1106 813 hilaremque
1135 734 1327 807 diem,
1362 754 1443 796 ne
1473 754 1740 813 maguae
1768 733 2002 812 gaudia
2029 752 2219 794 cenae

439 833 753 894 sentirent
780 832 1002 913 positis
1029 832 1108 893 ad
1141 832 1380 911 templa
1409 836 1471 893 et
1500 831 1780 911 compita
1809 830 2041 892 mensis

439 930 862 1011 pervigilique
891 934 1050 1003 toro,
1086 949 1275 1009 quem
1306 936 1491 991 nocte
1519 950 1590 991 ac
1619 929 1762 991 luce
1792 928 2102 990 iacentem

440 1029 749 1107 septimus
778 1028 1103 1089 interdum
1133 1028 1223 1089 sol
1255 1028 1523 1089 invenit.
1613 1027 1874 1089 horrida
1902 1046 2049 1088 sane

441 1123 785 1206 Aegyptos,
819 1126 927 1188 sed
957 1125 1232 1198 luxuria,
1269 1131 1584 1205 quantum
1615 1125 1749 1205 ipse
1778 1124 2016 1199 notavi,

439 1224 702 1286 barbara
729 1224 970 1286 famoso
999 1244 1129 1285 nou
1157 1224 1330 1284 cedit
1359 1225 1550 1285 turba
1581 1224 1862 1304 Canopo.

439 1323 600 1385 adde
631 1324 797 1402 quod
831 1327 897 1384 et
923 1322 1130 1384 facilis
1162 1322 1424 1384 victoria
1451 1322 1531 1383 de
1561 1322 1833 1383 madidis
1860 1325 1925 1383 et

439 1421 663 1482 blaesis
690 1424 881 1500 atque
910 1440 1083 1483 mero
1111 1420 1562 1482 titubantibus.
1653 1419 1804 1481 inde
1834 1418 2118 1481 virorum

440 1519 705 1580 saltatus
733 1518 917 1597 nigro
951 1517 1229 1591 tibi’cine,
1265 1518 1754 1598 qualiacumque

441 1620 772 1697 unguenta
799 1619 864 1678 et
892 1616 1074 1677 flores
1100 1616 1469 1696 multaeque
1498 1616 1567 1676 iu
1596 1616 1811 1677 fronte
1840 1634 2136 1695 coronae:

441 1714 592 1776 hinc
621 1715 912 1776 ieiunum
941 1714 1179 1775 odium.
1271 1714 1375 1775 sed
1409 1713 1618 1793 iurgia
1646 1713 1855 1794 prima
1882 1733 2102 1775 sonare

441 1813 763 1893 incipiunt
792 1812 1021 1874 animis
1048 1812 1443 1886 ardentibus,
1478 1812 1631 1874 haec
1660 1813 1818 1873 tuba
1846 1811 2038 1873 rixae.

440 1909 587 1970 dein
618 1910 888 1970 clamore
918 1908 1055 1989 pari
1084 1909 1512 1983 concurritur,
1547 1913 1613 1970 et
1641 1909 1775 2001 yice
1804 1908 1915 1969 teli

440 2006 637 2069 saevit
669 2008 841 2068 nuda
869 2026 1118 2067 manus.
1207 2027 1444 2087 paucae
1473 2007 1608 2068 sine
1638 2007 1901 2068 vulnere
1930 2006 2153 2080 malae,

440 2105 547 2169 vix
577 2104 876 2184 cuiquam
905 2107 1019 2166 aut
1047 2104 1212 2166 nulli
1245 2108 1377 2166 toto
1408 2103 1753 2166 certamine
1783 2123 1971 2164 nasus

441 2203 709 2281 integer.
797 2202 1102 2282 aspiceres
1131 2201 1258 2262 iam
1287 2206 1519 2262 cuncta
1550 2222 1662 2282 per
1691 2201 1947 2281 agmina
1975 2200 2195 2263 vultus

441 2300 761 2372 dimidios,
780 2300 948 2392 (alias
977 2299 1170 2361 facies
1197 2303 1263 2361 et
1291 2299 1538 2360 hiantia
1567 2299 1777 2380 ruptis

441 2419 576 2460 ossa
603 2398 801 2478 genis,
836 2398 1056 2477 plenos
1085 2397 1416 2458 oculorum
1448 2397 1757 2477 sanguine
1787 2415 2055 2476 pugnos.

441 2498 659 2559 ludere
689 2516 751 2557 se
780 2496 1053 2557 credunt
1081 2495 1203 2575 ipsi
1233 2499 1450 2556 tamen
1482 2499 1547 2555 et
1574 2494 1838 2575 puerilis

441 2613 725 2657 exercere
753 2593 936 2682 acies,
972 2594 1142 2672 quod
1172 2593 1353 2653 nulla
1381 2594 1683 2654 cadavera
1712 2592 1977 2654 calcent.

441 2695 506 2754 et
534 2711 680 2753 sane
711 2711 837 2770 quo
867 2694 965 2751 tot
993 2690 1261 2751 rixantis
1290 2690 1470 2751 milia
1501 2690 1742 2763 turbae,

442 2791 492 2852 si
524 2789 751 2852 vivunt
779 2809 995 2850 omnes
1014 2791 1043 2848 Ῥ
1126 2809 1274 2868 ergo
1303 2776 1507 2850 acri⁸or
1538 2788 1835 2868 impetus,
1872 2793 1937 2850 et
1964 2788 2091 2849 iam

443 2907 589 2950 saxa
618 2886 940 2947 inclinatis
968 2906 1080 2967 per
1109 2887 1385 2947 humum
1417 2885 1700 2965 quaesita
1728 2885 1980 2947 lacertis

443 2983 767 3065 incipiunt
798 2987 1113 3063 torquere,
1149 2983 1493 3046 domestica
1522 2982 1819 3045 seditioni

444 3083 590 3156 tela,
624 3102 740 3143 nec
770 3081 943 3142 hunc
972 3081 1271 3161 lapidem,
1308 3081 1514 3161 qualis
1544 3084 1609 3142 et
1638 3080 1900 3167 {hirnus
1928 3084 1992 3142 et
2022 3080 2209 3155 Aiax,

444 3182 541 3244 vel
573 3200 699 3260 quo
729 3180 1003 3260 Tydides
1032 3179 1345 3260 percussit
1373 3180 1653 3260 pondere
1683 3199 1902 3241 coxam

444 3280 713 3352 Aeneae,
748 3279 853 3339 sed
885 3298 1074 3358 quem
1104 3278 1354 3339 valeant
1383 3277 1673 3340 emittere
1702 3278 1961 3338 dextrae

444 3378 571 3438 illis
600 3375 935 3438 dissimiles
963 3380 1027 3437 et
1056 3380 1271 3438 nostro
1302 3381 1589 3456 tempore
1620 3378 1825 3437 natae.

444 3497 594 3537 nam
624 3495 824 3555 genus
851 3475 972 3536 hoc
1002 3474 1143 3536 vivo
1172 3475 1300 3536 iam
1330 3475 1726 3536 decrescebat
1758 3473 2061 3546 HomerO,

444 3579 613 3636 terra
641 3574 837 3635 malos
866 3572 1157 3635 homines
1186 3592 1359 3633 nunc
1389 3573 1623 3634 educat
1651 3575 1843 3651 atque
1872 3569 2165 3650 pusillos3

445 3691 593 3752 ergo
623 3671 778 3732 deus
807 3670 1196 3750 quicumque
1223 3670 1490 3749 aspexit,
1526 3669 1696 3730 ridet
1724 3673 1787 3730 et
1817 3667 1972 3729 odit.

445 3790 483 3831 a
510 3767 900 3830 deverticulo
929 3769 1254 3849 repetatur
1281 3767 1519 3830 fabula.
1608 3769 1947 3848 postquam

2572 1127 2665 1185 45

2572 1619 2657 1677 50

2574 2109 2653 2167 55

2573 2598 2738 2656 60,

2570 3086 2645 3144 65

2572 3576 2644 3637 70
