2787 4328
333 253 419 329 48
1074 265 1140 310 n.
1189 265 1384 311 mm
1426 264 1809 311 manlius

333 415 661 498 praebebit
689 414 820 478 vati
847 415 1138 478 crebrum
1167 436 1522 498 poppysma
1549 415 1824 497 roganti.

333 512 642 575 divitibus
669 532 965 594 responsa
989 513 1238 575 dabunt
1267 514 1484 594 Phryx
1511 533 1719 594 augur
1744 517 1811 576 et
1839 514 2059 589 Indae,

333 611 689 673 conductus
715 611 896 672 dabit
920 614 1236 673 astrorum
1266 612 1619 693 mundique
1644 612 1892 692 peritus

333 712 526 789 atque
552 708 784 788 aliquis
811 708 1018 770 senior
1047 709 1157 789 qui
1186 709 1443 789 publica
1468 709 1731 788 fulgura
1757 709 2007 770 condit:

333 805 652 888 plebeium
683 805 754 867 in
780 805 947 868 circo
973 806 1254 887 positum
1282 811 1378 869 est
1406 810 1473 869 et
1499 807 1566 868 in
1596 826 1822 887 aggere
1848 807 2089 883 fatum3

334 923 497 984 quae
528 904 719 965 nudis
744 903 1011 984 longum
1041 904 1322 965 ostendit
1348 904 1700 967 cervicibus
1727 923 1978 978 aurum,

333 1001 613 1064 consulit
640 1005 789 1063 ante
817 1001 976 1063 falas
1003 1001 1584 1082 delphinorumque
1611 1001 1960 1075 columnae,

333 1119 416 1161 an
445 1119 593 1180 saga
622 1099 927 1161 vendenti
956 1099 1158 1161 nubat
1183 1119 1469 1181 caupone
1496 1100 1739 1162 relicto.

414 1197 533 1259 hae
561 1202 778 1259 tamen
805 1204 872 1259 et
897 1201 1121 1279 partus
1147 1198 1425 1260 subeunt
1452 1197 1794 1261 discrimen
1824 1201 1889 1259 et
1914 1197 2122 1260 omnis

335 1294 605 1357 nutricis
632 1295 908 1357 tolerant
935 1295 1199 1357 fortuna
1224 1299 1541 1374 urguente
1567 1295 1834 1369 labores,

334 1392 443 1454 sed
472 1391 636 1454 iacet
661 1396 884 1454 aurato
912 1391 1018 1453 vix
1046 1392 1180 1453 ulla
1205 1412 1519 1473 puerpera
1543 1392 1727 1455 lecto.

333 1493 593 1551 tantum
620 1493 787 1552 artes
815 1489 1027 1564 huius,
1062 1493 1319 1551 tantum
1348 1489 1770 1551 medicamina
1796 1494 2085 1570 possunt,

336 1606 497 1667 quae
525 1587 767 1649 steriles
793 1587 952 1648 facit
977 1590 1170 1667 atque
1196 1586 1492 1649 homines
1520 1587 1589 1648 in
1620 1590 1843 1650 ventre
1870 1587 2186 1650 necandos

334 1685 653 1746 conducit.
743 1685 971 1765 gaude,
1005 1685 1253 1758 infelix,
1285 1690 1477 1765 atque
1506 1685 1638 1766 ipse
1665 1684 2014 1746 bibendum

334 1782 586 1863 porrige
617 1779 1110 1863 quidquid'erit3
1154 1801 1304 1843 nam
1334 1782 1386 1843 si
1416 1782 1777 1844 distendere
1806 1781 1995 1844 vellet

334 1884 400 1941 et
431 1899 651 1941 vexare
679 1882 934 1940 uterum
963 1879 1176 1960 pueris
1203 1879 1598 1954 salientibus,
1631 1899 1791 1941 esses

334 1976 672 2057 Aethiopis
699 1977 962 2038 fortasse
989 1980 1191 2057 pater,
1226 1996 1374 2038 mox
1404 1976 1656 2039 decolor
1682 1976 1863 2039 heres

334 2073 629 2155 impleret
659 2074 905 2136 tabulas
932 2094 1284 2154 numquam
1314 2074 1434 2135 tibi
1464 2095 1648 2136 mane
1678 2074 2012 2138 videndus.

335 2175 586 2236 transeo
614 2172 969 2254 suppositos
996 2176 1062 2235 et
1088 2173 1322 2251 gaudia
1351 2176 1622 2253 votaque
1651 2193 1833 2253 saepe
1958 2254 1961 2258 .

334 2270 415 2333 ad
444 2290 702 2351 spurcos
729 2271 991 2349 decepta
1018 2270 1192 2331 lacus
1219 2275 1412 2350 atque
1441 2270 1590 2332 inde
1618 2271 1854 2351 petitos

333 2368 685 2449 pontifices,
719 2368 902 2429 salios
932 2367 1312 2430 Scaurorum
1342 2367 1603 2429 nomina
1630 2368 1791 2429 falso

334 2485 592 2547 corpore
619 2466 879 2527 laturos.
968 2469 1094 2527 stat
1122 2465 1411 2527 Fortuna
1438 2465 1705 2546 inproba
1732 2469 1927 2528 noctu

333 2563 630 2626 adridens
659 2563 850 2625 nudis
877 2562 1256 2638 infantibUS,
1287 2563 1406 2625 hos
1431 2564 1611 2625 fovet
1638 2563 1813 2625 omni

334 2661 729 2742 involvitque
759 2660 926 2734 sinn,
961 2660 1253 2722 domibus
1281 2664 1440 2722 tunc
1468 2660 1741 2741 porrigit
1768 2661 1915 2723 altis

333 2762 772 2839 secretumque
801 2758 920 2819 sibi
949 2758 1221 2819 mimum
1250 2761 1464 2838 parat3
1509 2757 1625 2820 hos
1653 2761 1846 2833 amat,
1878 2758 1980 2821 his
2008 2779 2072 2822 se

333 2855 570 2937 ingerit
599 2860 799 2935 utque
828 2876 971 2917 suos
1000 2875 1245 2936 semper
1272 2855 1571 2936 producit
1597 2856 1908 2918 alumnoS.

413 2953 519 3015 hic
548 2953 824 3033 magicos
851 2954 1061 3015 adfert
1089 2957 1335 3026 cantus,
1368 2953 1476 3014 hic
1507 2953 1806 3016 Thessala
1834 2954 2056 3016 vendit

332 3049 595 3132 philtra,
630 3049 860 3131 quibus
888 3051 1093 3112 valeat
1121 3054 1400 3112 mentem
1431 3070 1655 3112 vexare
1684 3051 1898 3112 mariti

333 3153 398 3210 et
425 3147 592 3209 solea
618 3147 868 3227 pulsare
896 3147 1083 3209 natis.
1176 3148 1346 3227 quod
1375 3146 1632 3227 desipis,
1667 3146 1817 3210 inde
1844 3151 1960 3222 est,

333 3245 482 3307 inde
510 3244 709 3306 animi
738 3245 940 3325 caligo
968 3248 1032 3306 et
1061 3264 1294 3325 magna
1321 3244 1555 3307 oblivio
1584 3265 1796 3307 rerum

334 3363 489 3424 quas
516 3344 705 3404 modo
734 3342 999 3422 gessisti.
1089 3346 1302 3404 tamen
1330 3342 1452 3404 hoc
1482 3342 1826 3416 tolerabile,
1862 3342 1914 3403 si
1943 3362 2072 3404 non

331 3445 396 3503 et
424 3441 636 3502 furere
667 3440 931 3521 incipias
961 3444 1034 3500 ut
1061 3439 1416 3502 avunculus
1442 3439 1551 3501 ille
1581 3440 1875 3512 Neronis,

332 3538 436 3600 cui
467 3541 666 3601 totam
697 3537 955 3599 tremuli
983 3539 1263 3601 frontem
1296 3538 1597 3600 Caesonia
1624 3536 1785 3618 pulli

332 3634 608 3712 infudit3
655 3655 814 3715 quae
841 3655 972 3697 non
999 3634 1193 3697 faciet
1222 3636 1392 3715 quod
1420 3635 1728 3716 principis
1757 3655 1915 3697 uxor
1934 3637 1964 3695 P

331 3732 639 3797 ardebant
664 3736 897 3796 cuneta
923 3737 990 3795 et
1016 3734 1222 3796 fracta
1248 3752 1530 3815 conpage
1560 3733 1849 3807 ruebant,

2420 519 2542 578 585

2417 1007 2541 1066 590

2418 1495 2536 1554 595

2418 1982 2537 2041 600

2417 2471 2538 2531 605

2417 2962 2536 3020 610

2413 3447 2533 3505 615
