2787 4328
1051 195 1318 242 SATVRA
1363 194 1489 240 xv1
2069 235 2075 239 ,
2249 198 2273 244 1
2293 196 2362 263 15

20 351 330 412 contra
366 365 735 428 paganum
766 330 964 427 possis
994 366 1186 426 quam
1218 366 1362 408 vera
1388 346 1756 425 loquentem

22 451 329 508 eontra
366 446 742 506 fortunam
770 444 998 505 armati
1028 447 1375 524 contraque
1404 444 1736 525 pudorem.

135 542 522 625 praemia
550 561 725 602 nunc
753 541 878 603 alia
904 545 1095 621 atque
1125 542 1248 603 alia
1277 543 1710 604 emolumenta
1736 547 2029 605 notemus
2289 546 2365 606 35

31 642 720 704 sacramentorum.
813 638 1165 701 convallem
1195 639 1362 701 ruris
1389 640 1545 701 aviti

40 740 484 820 improbus
517 740 631 799 aut
661 756 959 817 campum
988 737 1151 797 mihi
1181 737 1233 798 si
1263 736 1511 798 vicinus
1538 738 1777 807 ademit

40 824 124 900 et
161 857 503 899 sacrum
532 835 758 897 effodit
786 836 995 897 medio
1025 836 1104 896 de
1135 834 1342 897 limite
1371 855 1615 909 saxum,

53 936 274 1016 quod
314 954 504 996 mea
532 953 680 995 cum
712 934 931 1014 patulo
960 932 1159 995 coluit
1188 933 1334 1014 puls
1363 953 1578 995 annua
1605 933 1755 1008 libo,

53 1034 378 1096 debitor
416 1034 552 1094 aut
581 1035 868 1112 sumptos
896 1030 1107 1112 pergit
1135 1049 1270 1091 non
1294 1031 1559 1092 reddero
1588 1050 1886 1094 nummos
2290 1035 2367 1094 40

62 1152 268 1194 vana
304 1128 725 1211 supervacui
754 1129 972 1190 dicens
999 1128 1422 1208 chirographa
1452 1125 1644 1208 ligni‚'

62 1227 595 1310 expectandus
623 1226 745 1288 erit
775 1226 885 1306 qui
916 1226 1059 1303 lites
1088 1226 1346 1288 inchoet
1374 1246 1582 1288 annus

73 1327 321 1388 totius
357 1324 633 1407 populi.
724 1324 831 1385 sed
862 1328 1018 1385 tunc
1048 1344 1299 1403 quoque
1330 1324 1505 1386 mille
1533 1325 1796 1387 ferenda

72 1424 374 1496 taedia‚'
407 1422 604 1483 mille
634 1441 874 1497 morae3
919 1421 1155 1482 totiens
1185 1421 1480 1482 subsellia
1509 1424 1766 1483 tantum

83 1524 561 1593 sternuntur,
596 1519 721 1579 iam
751 1519 1031 1580 facundo
1060 1523 1339 1599 ponente
1368 1519 1648 1579 lacernas
2289 1524 2367 1582 45

86 1618 450 1680 Caedicio
485 1620 552 1678 et
581 1616 786 1677 Fusco
816 1616 939 1676 iam
973 1615 1620 1703 micturiente2parati

94 1715 581 1795 digredimur,
615 1713 914 1793 lentaque
942 1713 1067 1774 fori
1096 1732 1459 1793 pugnamus
1488 1712 1745 1773 harena.

93 1817 206 1877 ast
239 1812 398 1873 illis
435 1831 602 1891 quos
630 1831 805 1872 arma
833 1813 1066 1890 tegunt
1095 1814 1160 1872 et
1189 1809 1435 1872 balteus
1464 1809 1686 1883 ambit,

103 1911 302 1990 quod
338 1909 673 1991 placitum
704 1912 800 1969 est
828 1904 982 1989 ipsis
1008 1910 1367 1989 praestatur
1398 1911 1650 1987 tempus
1677 1908 1929 1988 agendi,

102 2028 238 2069 nec
271 2028 388 2069 res
423 2006 731 2068 atteritur
757 2006 949 2086 longo
979 2006 1332 2067 sufflamine
1364 2005 1514 2066 litis.
2291 2012 2367 2068 50

203 2104 376 2167 solis
409 2107 740 2186 praeterea
768 2103 1044 2164 testandi
1075 2103 1387 2164 militibus
1417 2103 1516 2166 ius

110 2203 275 2266 vivo
311 2206 517 2284 patre
548 2202 759 2263 datur.
848 2222 998 2263 nam
1029 2222 1187 2281 quae
1217 2207 1367 2263 sunt
1396 2205 1581 2282 parta
1607 2203 1820 2264 labore

71 2373 76 2380 ,
117 2300 447 2375 militiae,
484 2299 729 2380 placuit
756 2319 886 2361 non
915 2320 1044 2361 esse
1073 2299 1142 2359 in
1170 2319 1429 2379 corpore
1457 2320 1702 2373 00110110,

118 2418 331 2460 0111110
364 2400 558 2459 tenet
585 2397 767 2458 cuius
797 2397 1079 2477 regimen
1108 2400 1310 2477 pater.
1399 2417 1548 2477 ergo
1581 2398 1901 2459 Coranum

126 2496 491 2576 signorum
522 2495 821 2557 comitem
851 2498 1327 2575 castrorumque
1357 2515 1500 2556 aera
1528 2500 1882 2558 merentem
2290 2501 2365 2560 55

128 2593 453 2673 quamvis
482 2592 609 2654 iam
640 2593 953 2653 tremulus
982 2595 1197 2673 captat
1224 2596 1435 2673 pater3
1478 2593 1656 2653 hunc
1677 2593 1858 2653 favor
1885 2612 2127 2672 aequus

134 2691 457 2771 provehit
485 2694 550 2752 et
578 2690 848 2771 pulchro
876 2690 1089 2751 reddit
1117 2710 1230 2752 sua
1260 2691 1427 2751 dona
1453 2689 1672 2752 labori.

132 2787 354 2868 ipsius
386 2791 562 2851 certe
590 2788 772 2849 ducis
798 2789 919 2849 hoc
947 2789 1181 2850 referre
1209 2787 1466 2849 videtur

141 2888 221 2947 ut
253 2886 375 2966 qui
406 2886 598 2947 fortis
627 2885 769 2959 erit,
805 2886 888 2946 sit
916 2885 1320 2947 felicissimus
1349 2886 1541 2960 idem,

141 2985 223 3042 ut
251 2982 416 3045 lacti
447 2982 725 3066 phaleris
755 3002 973 3045 omnes
1000 2986 1065 3045 et
1095 2983 1452 3063 torquibus,
1487 3003 1704 3045 omnes
2290 2988 2366 3047 60

1111 3142 1309 3243 *ἐκ*
