2787 4328
404 280 480 328 10
1137 281 1202 327 D.
1253 281 1448 328 IVNII
1491 278 1872 328 IVVENALIS

392 429 550 491 haec
582 429 827 510 tetigit,
864 429 1162 504 Gradive,
1192 435 1342 494 tuos
1371 431 1584 493 urtica
1612 434 1882 511 nepotes
1910 429 1938 491 Ρ

392 527 677 589 traditur
709 547 855 590 ecce
884 528 1023 590 viro
1053 529 1263 590 clarus
1292 548 1528 610 genere
1558 532 1754 609 atque
1783 528 2013 608 opibus
2042 527 2162 603 vir,

392 644 512 686 nec
540 625 789 704 galeam
821 646 1103 706 quassaS,
1139 646 1257 688 nec
1287 630 1528 688 terram
1559 626 1826 707 cuspide
1856 625 2093 705 pulsas,

393 742 512 784 nec
543 722 827 802 quereris
860 723 1031 804 patri
1063 724 1090 785 ?
1174 725 1335 786 vade
1366 743 1519 805 ergo
1549 728 1617 785 et
1648 724 1802 785 cede
1832 722 2033 784 severi

394 819 725 901 iugeribus
758 820 990 901 campi,
1029 840 1222 901 quem
1251 821 1559 902 neglegis,
1657 827 1675 853 ‘
1695 820 1978 882 officium
2009 838 2147 880 cras

393 917 602 998 primo
633 917 764 979 sole
798 917 958 978 mihi
989 918 1433 999 peragendum
1464 919 1533 979 in
1563 919 1728 981 valle
1760 915 2062 992 Quirini.’

394 1033 557 1094 quae
588 1034 779 1076 causa
810 1015 1002 1077 officii
1036 1015 1064 1077 Ρ
1151 1015 1345 1096 ‘quid
1373 1016 1628 1096 quaeris
1656 1015 1683 1077 ?
1764 1014 1957 1076 nubit
1986 1013 2232 1075 amicus

394 1132 512 1174 nec
542 1112 783 1200 multos
815 1112 1134 1175 adhibet.'
1215 1113 1410 1175 liceat
1441 1114 1634 1175 modo
1664 1113 1878 1175 vivere
1910 1133 1924 1172 ε
1970 1112 2153 1184 fient,

394 1211 553 1271 fient
582 1209 707 1272 ista
738 1210 974 1291 palam,
1012 1210 1281 1291 cupient
1311 1215 1376 1272 et
1407 1210 1476 1271 in
1507 1214 1652 1272 acta
1680 1209 1930 1271 referri.

394 1307 642 1368 interea
672 1310 1076 1369 tormentum
1106 1307 1337 1388 ingens
1368 1307 1765 1369 nubentibus
1794 1305 2039 1379 haeret,

394 1403 570 1484 quod
598 1407 927 1485 nequeant
959 1423 1184 1485 parere
1215 1409 1281 1466 et
1311 1408 1506 1486 partu
1532 1403 1818 1472 retinere
1848 1401 2137 1464 maritos·

395 1500 508 1563 sed
538 1502 789 1576 melius,
827 1501 1002 1583 quod
1032 1501 1126 1563 nil
1157 1502 1389 1564 animis
1421 1501 1490 1562 in
1521 1520 1790 1582 corpora
1817 1498 1977 1561 iuris

394 1603 630 1661 natura
659 1599 961 1679 indulget
994 1620 1008 1661 :
1054 1599 1304 1661 steriles
1333 1598 1728 1673 moriuntur,
1764 1601 1830 1659 et
1858 1595 1988 1658 illis

396 1696 660 1777 turgida
690 1716 823 1758 non
853 1697 1118 1778 prodest
1148 1697 1414 1777 condita
1443 1696 1679 1777 pyxide
1712 1695 1909 1775 Lyde,

395 1814 515 1855 nec
545 1794 808 1874 prodest
842 1794 995 1874 agili
1026 1794 1271 1874 palmas
1302 1794 1608 1874 praebere
1636 1793 1921 1872 luperco.

399 1890 554 1952 vicit
584 1895 649 1952 et
678 1890 801 1952 hoc
833 1895 1196 1952 monstrum
1226 1890 1508 1951 tunicati
1537 1889 1794 1951 fuscina
1818 1887 2110 1962 Gracchi,

395 1987 829 2068 lustravitque
860 1989 1020 2068 fuga
1050 1988 1328 2049 mediam
1359 1987 1682 2067 gladiator
1710 1987 2019 2048 harenam

398 2089 464 2146 et
496 2083 880 2166 Capitolinis
910 2085 1280 2167 generosior
1311 2089 1376 2146 et
1409 2083 1730 2146 Marcellis

399 2186 465 2244 et
496 2182 713 2244 Catuli
748 2183 1063 2263 Paulique
1094 2182 1453 2245 minoribus
1484 2186 1549 2244 et
1579 2182 1795 2244 Fabiis
1825 2186 1891 2243 et

399 2280 697 2341 omnibus
729 2280 812 2342 ad
840 2280 1111 2360 podium
1143 2280 1610 2361 spectantibus,
1645 2279 1746 2341 his
1773 2279 1928 2341 licet
1956 2278 2171 2359 ipsum

398 2377 738 2439 admoveas
770 2377 955 2439 cuius
985 2383 1147 2440 tunc
1178 2397 1446 2439 munere
1475 2377 1639 2439 retia
1669 2376 1865 2438 misit.

480 2494 614 2536 esse
644 2474 892 2555 aliquos
925 2494 1145 2536 manes
1177 2480 1241 2536 et
1273 2475 1695 2536 subterranea
1724 2493 1923 2554 regna

399 2576 465 2633 et
496 2576 763 2634 contum
795 2575 861 2633 et
892 2571 1117 2653 Stygio
1147 2592 1335 2633 ranas
1365 2572 1434 2633 in
1464 2572 1724 2652 gurgite
1753 2572 1971 2651 nigras

398 2674 595 2749 atque
625 2689 755 2730 una
783 2669 1060 2730 transire
1089 2670 1328 2731 vadum
1359 2674 1462 2731 tot
1491 2668 1670 2729 milia
1701 2668 1933 2730 cumba

398 2786 518 2828 nec
548 2766 732 2847 pueri
766 2766 1065 2840 credunt,
1100 2767 1224 2829 nisi
1256 2766 1368 2847 qui
1404 2767 1695 2827 nondum
1726 2785 1869 2827 aere
1897 2766 2219 2827 lavantur.

400 2864 512 2926 sed
541 2868 616 2925 tu
647 2883 796 2925 vera
826 2868 1005 2944 puta.
1101 2862 1336 2925 Curius
1368 2864 1528 2944 quid
1559 2863 1759 2924 sentit
1790 2867 1856 2924 et
1885 2863 2072 2923 ambo

403 2949 758 3041 Scipiadae,
795 2961 953 3042 quid
984 2961 1320 3022 Fabricius
1351 2980 1701 3041 manesque
1735 2959 2014 3034 Camilli,

401 3058 561 3139 quid
593 3057 928 3119 Cremerae
957 3058 1130 3137 legio
1161 3063 1227 3119 et
1260 3058 1500 3120 Cannis
1532 3061 1919 3138 consumpta
1947 3057 2275 3131 iuventus,

400 3160 502 3218 tot
531 3156 848 3218 bellorum
878 3155 1151 3231 animae,
1186 3156 1489 3236 quotiens
1517 3156 1672 3217 hinc
1703 3155 1851 3217 talis
1881 3155 1964 3216 ad
1991 3154 2137 3216 illos

402 3254 630 3315 umbra
657 3253 838 3315 venit
868 3253 896 3315 Ρ
980 3258 1295 3334 cuperent
1323 3253 1612 3328 lustrari,
1648 3253 1700 3315 si
1731 3273 1860 3333 qua
1889 3253 2201 3314 darentur

402 3351 668 3432 sulpura
698 3365 864 3412 cum·
876 3351 1085 3413 taedis
1114 3355 1179 3412 et
1209 3350 1263 3412 si
1291 3351 1464 3413 foret
1494 3351 1717 3412 umida
1743 3351 1985 3411 laurus.

401 3448 535 3509 illic
564 3447 693 3509 heu
724 3448 938 3509 miseri
969 3449 1396 3510 traducimur.
1487 3468 1665 3510 arma
1694 3448 1958 3528 quidem
1986 3446 2163 3508 ultra

400 3546 594 3608 litora
624 3545 940 3607 Iuvernae
971 3545 1411 3626 promovimus
1442 3550 1507 3607 et
1537 3546 1729 3607 modo
1761 3548 1980 3626 captas

405 3642 685 3705 Orcadas
716 3662 789 3704 ac
822 3642 1091 3703 minima
1121 3646 1465 3704 contentos
1494 3646 1688 3703 nocte
1720 3641 2090 3715 Britannos,

402 3740 514 3801 sed
545 3758 716 3820 quae
737 3759 915 3801 nunc
944 3739 1172 3821 populi
1202 3740 1370 3800 fiunt
1401 3738 1666 3801 victoris
1695 3738 1763 3799 in
1793 3740 1975 3813 urbe,

2485 626 2608 685 130

2485 1111 2604 1172 135

2485 1597 2606 1658 140

2486 2084 2605 2143 145

2486 2572 2609 2633 150

2487 3059 2609 3119 155

2490 3546 2612 3606 160
