2787 4328
1117 282 1382 329 sATVRA
1428 284 1535 328 vn
2237 262 2240 266 ’
2350 281 2422 349 55

218 438 557 518 empturus
583 454 814 517 pueros
841 438 1179 517 argentum
1209 436 1499 497 murrina
1531 436 1736 511 villas3

218 534 492 615 spondet
520 532 693 594 enim
725 532 917 612 Tyrio
947 533 1262 595 stlattaria
1288 553 1578 614 purpura
1606 534 1736 595 filo.
2133 557 2138 561 ·

217 637 286 694 et
314 637 526 694 tamen
560 635 655 693 est
683 630 809 692 illis
838 631 957 692 hoc
989 630 1168 692 utile.
1257 651 1546 712 purpura
1575 631 1813 718 Qdit
1862 658 1877 691 ε
1968 652 1997 677 -,-
2026 674 2031 683 ί
2311 633 2424 691 135

217 730 637 803 causidicum,
672 729 965 790 vendunt
992 730 1449 809 amethystina3
1495 730 1791 792 convenit
1823 728 1915 789 illi
2536 739 2542 744 ’

189 832 286 891 'et
314 827 584 908 strepitu
618 830 685 888 et
712 827 874 888 facie
903 827 1158 889 maioris
1186 827 1397 889 vivere
1427 847 1673 901 census,

217 926 329 988 sed
360 926 553 986 finem
583 925 886 1005 inpensae
914 945 1042 987 non
1074 929 1278 987 servat
1307 925 1573 1005 prodiga
1603 925 1839 1003 RomaN

216 1024 481 1085 fidimus
508 1023 760 1103 eloquio
781 1025 810 1083 ἶ)
895 1023 1185 1085 Ciceroni
1215 1043 1403 1085 nemo
1433 1024 1741 1084 ducentos

217 1140 397 1182 nunc
426 1120 671 1182 dederit
701 1140 1018 1200 nummos,
1055 1121 1175 1182 nisi
1207 1121 1463 1182 fulserit
1491 1120 1769 1182 anulus
1751 1139 2000 1199 ingens.
2308 1121 2423 1180 140

217 1193 481 1299 respicit
510 1218 662 1280 haec
692 1219 978 1299 primum
1006 1220 1191 1300 quil
1146 1219 1382 1298 li‘tigat,
1417 1239 1500 1280 an
1529 1218 1648 1280 tibi
1678 1219 1839 1281 servi

104 1347 112 1352 ·
215 1320 385 1390 octo,
419 1317 638 1378 decem
668 1316 951 1391 comites,
984 1337 1067 1378 an
1096 1321 1239 1398 post
1273 1322 1333 1378 te
1364 1317 1537 1390 sella,
1572 1316 1774 1396 togati

215 1418 371 1477 ante
400 1415 614 1495 pedes.
702 1414 845 1476 ideo
874 1415 1191 1479 conducta
1223 1415 1460 1476 Paulus
1488 1415 1721 1494 agebat

215 1510 632 1590 sardonyche,
667 1516 857 1591 atque
887 1511 1027 1573 ideo
1056 1511 1261 1592 pluris
1290 1531 1483 1591 quam
1515 1511 1735 1572 Gallus
1762 1511 2008 1590 agebat,

217 1628 415 1689 quam
446 1608 715 1670 Basilus.
803 1628 945 1670 rara
972 1609 1041 1669 in
1071 1609 1252 1670 tenui
1280 1608 1586 1670 facundia
1613 1628 1844 1689 pann0.
2308 1611 2422 1669 145

217 1706 479 1786 quando
507 1705 658 1766 licet
690 1705 900 1767 Basilo
929 1706 1188 1767 flentem
1217 1706 1568 1787 producere
1598 1709 1867 1767 matrem
1885 1707 1916 1766 ’Β

218 1802 366 1882 quis
393 1803 552 1864 bene
582 1802 903 1864 dicentem
933 1803 1217 1864 Basilum
1245 1804 1460 1865 ferat?
1541 1801 1812 1882 accipiat
1845 1805 1905 1864 te

219 1899 432 1961 Gallia
461 1899 560 1962 vel
588 1900 802 1980 potius
830 1900 1156 1962 nutricula
1184 1900 1649 1962 causidicorum

217 1997 466 2071 Africa,
500 1996 552 2058 si
581 1997 825 2077 placuit
855 1998 1203 2060 mercedem
1234 2017 1468 2078 ponere
1498 1997 1772 2077 linguae.

304 2095 657 2156 declamare
686 2095 870 2157 doces
889 2098 919 2156 P
1002 2116 1038 2158 o
1066 2096 1277 2157 ferrea
1300 2101 1556 2177 pectora
1585 2096 1787 2170 Vetti,
2307 2099 2423 2157 150

218 2213 373 2255 cum
402 2193 661 2273 perimit
692 2214 903 2256 saevos
931 2194 1141 2255 classis
1170 2214 1505 2256 numerosa
1533 2198 1853 2273 tyrannos.

218 2311 375 2352 nam
405 2311 839 2372 quaecumque
870 2292 1090 2353 sedens
1119 2292 1306 2353 modo
1337 2292 1593 2371 legerat,
1629 2292 1782 2353 haec
1811 2293 2028 2355 eadem
2058 2251 2229 2354 stans

200 2389 504 2470 perferet
532 2393 721 2469 atque
750 2391 970 2451 eadem
1000 2389 1284 2482 cantabit
1313 2390 1593 2451 versibus
1622 2390 1852 2466 isdem;

223 2486 459 2548 occidit
488 2487 746 2549 miseros
774 2488 1024 2550 crambe
1053 2488 1325 2569 repetita
1353 2488 1709 2568 magistros.

225 2584 369 2665 quis
397 2585 568 2647 color
596 2588 660 2646 et
690 2587 861 2665 quod
891 2586 974 2648 sit
1001 2607 1222 2649 causae
1250 2607 1453 2667 genus
1481 2590 1673 2666 atque
1705 2586 1813 2648 ubi
1842 2606 2090 2648 summa
2306 2590 2422 2648 155

225 2681 564 2761 quaestiO,
563 2702 727 2762 quae
757 2683 1016 2745 veniant
1044 2684 1325 2746 diversae
1349 2685 1523 2745 “forte
1552 2683 1839 2764 sagittae,

221 2798 404 2841 nosse
433 2779 661 2841 volunt
689 2800 925 2855 omnes,
961 2782 1314 2843 mercedem
1345 2782 1583 2843 solvere
1615 2801 1818 2842 nemo.

228 2876 246 2904 ‘
269 2876 622 2938 mercedem
652 2877 932 2958 appellas
952 2881 982 2939 P
1065 2878 1223 2958 quid
1251 2878 1424 2939 enim
1455 2877 1582 2940 scio
1603 2879 1632 2937 ἶ)
1654 2878 1672 2906 '
1763 2877 1780 2906 ‘
1802 2878 1990 2958 culpa
2019 2878 2304 2949 docentis

223 2974 462 3041 scilicet
491 2974 805 3054 arguitur,
841 2976 1011 3055 quod
1040 2977 1249 3038 laevae
1278 2979 1460 3056 parte
1488 2975 1806 3038 mamillae

224 3069 316 3131 nil
348 3070 493 3132 salit
523 3071 832 3134 Arcadico
861 3072 1099 3147 iuveni,
1134 3073 1316 3135 cuius
1345 3073 1507 3134 mihi
1537 3077 1711 3135 sexta
1904 3109 1907 3112 -
1942 3065 1947 3068 ¹
2306 3078 2423 3137 160

224 3187 474 3247 quaque
504 3168 607 3230 die
637 3170 940 3232 miserum
970 3170 1147 3232 dirus
1176 3174 1370 3251 caput
1402 3170 1727 3232 Hannibal
1757 3170 1983 3252 inplet,
2234 3157 2238 3162 ’

222 3264 540 3345 quidquid
571 3265 637 3327 id
667 3272 763 3329 est
791 3268 870 3329 de
902 3288 1028 3348 quo
1057 3261 1386 3342 deliberat,
1421 3288 1502 3329 an
1532 3272 1709 3349 petat
1738 3269 1961 3330 urbem

153 3396 160 3400 ·
219 3384 259 3425 a
290 3363 549 3437 Cannis,
582 3384 665 3425 an
695 3368 838 3446 post
867 3366 1114 3428 nimbos
1143 3369 1207 3427 et
1235 3366 1516 3427 fulmina
1543 3370 1768 3429 cautus

218 3460 613 3540 circumagat
641 3463 929 3524 madidas
957 3484 994 3525 a
1026 3465 1399 3543 tempestate
1428 3464 1740 3526 cffliortes.

220 3562 538 3639 quantum
571 3559 664 3621 vis
694 3560 998 3644 stipulare
1026 3565 1091 3623 et
1119 3560 1414 3642 protinus
1442 3561 1676 3641 accipe,
1713 3561 1868 3640 quid
1899 3563 2002 3636 dc,
2305 3565 2422 3625 165

219 3660 296 3718 ut
325 3656 561 3718 totiens
588 3657 774 3718 illum
806 3662 988 3738 pater
1017 3659 1286 3721 audiat?
1307 3660 1324 3687 ’
1411 3659 1567 3720 haec
1595 3656 1704 3718 alii
1733 3677 1839 3719 sex

221 3754 318 3816 vel
348 3753 565 3835 plures
593 3775 722 3817 uno
750 3755 1152 3818 conclamant
1180 3775 1285 3818 ore
1313 3755 1632 3837 sophistae
