<?xml version="1.0" encoding="UTF-8"?>
<!DOCTYPE html PUBLIC "-//W3C//DTD XHTML 1.0 Transitional//EN"
    "http://www.w3.org/TR/xhtml1/DTD/xhtml1-transitional.dtd">
<html xmlns="http://www.w3.org/1999/xhtml" xml:lang="en" lang="en">
 <head>
  <title>
</title>
<meta http-equiv="Content-Type" content="text/html;charset=utf-8" />
  <meta name='ocr-system' content='tesseract 3.04.00' />
  <meta name='ocr-capabilities' content='ocr_page ocr_carea ocr_par ocr_line ocrx_word'/>
</head>
<body>
  <div class='ocr_page' id='page_1' title='image "./divniivvenaliss00juvgoog_0136.png"; bbox 0 0 2787 4328; ppageno 0'>
   <div class='ocr_carea' id='block_1_1' title="bbox 382 260 1860 328">
    <p class='ocr_par' dir='ltr' id='par_1_1' title="bbox 382 260 1860 328">
     <span class='ocr_line' id='line_1_1' title="bbox 382 260 1860 328; baseline -0.003 -19"><span class='ocrx_word' id='word_1_1' title='bbox 382 262 460 328; x_wconf 85' lang='lat'>52</span> <span class='ocrx_word' id='word_1_2' title='bbox 1124 261 1187 305; x_wconf 88' lang='lat' dir='ltr'>D.</span> <span class='ocrx_word' id='word_1_3' title='bbox 1239 261 1435 307; x_wconf 73' lang='lat' dir='ltr'>1vN11</span> <span class='ocrx_word' id='word_1_4' title='bbox 1480 260 1860 305; x_wconf 74' lang='lat' dir='ltr'>1vvnNAL1s</span> 
     </span>
    </p>
   </div>
   <div class='ocr_carea' id='block_1_2' title="bbox 376 410 2120 2149">
    <p class='ocr_par' dir='ltr' id='par_1_2' title="bbox 379 410 1836 493">
     <span class='ocr_line' id='line_1_2' title="bbox 379 410 1836 493; baseline -0.001 -20"><span class='ocrx_word' id='word_1_5' title='bbox 379 411 490 492; x_wconf 92' lang='lat' dir='ltr'>qui</span> <span class='ocrx_word' id='word_1_6' title='bbox 518 411 677 473; x_wconf 84' lang='lat' dir='ltr'>facis</span> <span class='ocrx_word' id='word_1_7' title='bbox 705 410 776 473; x_wconf 93' lang='lat' dir='ltr'>in</span> <span class='ocrx_word' id='word_1_8' title='bbox 803 432 997 493; x_wconf 87' lang='lat' dir='ltr'>parva</span> <span class='ocrx_word' id='word_1_9' title='bbox 1022 411 1319 474; x_wconf 91' lang='lat' dir='ltr'>sublimia</span> <span class='ocrx_word' id='word_1_10' title='bbox 1345 412 1628 473; x_wconf 92' lang='lat' dir='ltr'>carmina</span> <span class='ocrx_word' id='word_1_11' title='bbox 1656 410 1836 485; x_wconf 88' lang='lat' dir='ltr'>cella,</span> 
     </span>
    </p>

    <p class='ocr_par' dir='ltr' id='par_1_3' title="bbox 383 509 1900 590">
     <span class='ocr_line' id='line_1_3' title="bbox 383 509 1900 590; baseline 0 -20"><span class='ocrx_word' id='word_1_12' title='bbox 383 513 454 570; x_wconf 96' lang='lat' dir='ltr'>ut</span> <span class='ocrx_word' id='word_1_13' title='bbox 482 509 717 590; x_wconf 88' lang='lat' dir='ltr'>dignus</span> <span class='ocrx_word' id='word_1_14' title='bbox 750 509 958 571; x_wconf 87' lang='lat' dir='ltr'>venias</span> <span class='ocrx_word' id='word_1_15' title='bbox 985 509 1237 571; x_wconf 89' lang='lat' dir='ltr'>hederis</span> <span class='ocrx_word' id='word_1_16' title='bbox 1267 512 1332 569; x_wconf 89' lang='lat' dir='ltr'>et</span> <span class='ocrx_word' id='word_1_17' title='bbox 1361 509 1640 588; x_wconf 83' lang='lat' dir='ltr'>imagine</span> <span class='ocrx_word' id='word_1_18' title='bbox 1670 528 1900 570; x_wconf 87' lang='lat' dir='ltr'>macra.</span> 
     </span>
    </p>

    <p class='ocr_par' dir='ltr' id='par_1_4' title="bbox 378 606 1927 688">
     <span class='ocr_line' id='line_1_4' title="bbox 378 606 1927 688; baseline -0.001 -19"><span class='ocrx_word' id='word_1_19' title='bbox 378 627 517 688; x_wconf 87' lang='lat' dir='ltr'>spes</span> <span class='ocrx_word' id='word_1_20' title='bbox 545 607 724 668; x_wconf 88' lang='lat' dir='ltr'>nulla</span> <span class='ocrx_word' id='word_1_21' title='bbox 753 607 1043 682; x_wconf 83' lang='lat' dir='ltr'>ulterior3</span> <span class='ocrx_word' id='word_1_22' title='bbox 1087 606 1316 668; x_wconf 82' lang='lat' dir='ltr'>didicit</span> <span class='ocrx_word' id='word_1_23' title='bbox 1344 607 1470 667; x_wconf 91' lang='lat' dir='ltr'>iam</span> <span class='ocrx_word' id='word_1_24' title='bbox 1502 607 1675 668; x_wconf 85' lang='lat' dir='ltr'>dives</span> <span class='ocrx_word' id='word_1_25' title='bbox 1703 626 1927 668; x_wconf 85' lang='lat' dir='ltr'>avarus</span> 
     </span>
    </p>

    <p class='ocr_par' dir='ltr' id='par_1_5' title="bbox 379 703 1880 779">
     <span class='ocr_line' id='line_1_5' title="bbox 379 703 1880 779; baseline 0 -14"><span class='ocrx_word' id='word_1_26' title='bbox 379 709 635 766; x_wconf 88' lang='lat' dir='ltr'>tantum</span> <span class='ocrx_word' id='word_1_27' title='bbox 663 705 986 778; x_wconf 86' lang='lat' dir='ltr'>admirari,</span> <span class='ocrx_word' id='word_1_28' title='bbox 1021 708 1277 765; x_wconf 92' lang='lat' dir='ltr'>tantum</span> <span class='ocrx_word' id='word_1_29' title='bbox 1306 703 1564 765; x_wconf 88' lang='lat' dir='ltr'>laudare</span> <span class='ocrx_word' id='word_1_30' title='bbox 1593 705 1880 779; x_wconf 88' lang='lat' dir='ltr'>disertos,</span> 
     </span>
    </p>

    <p class='ocr_par' dir='ltr' id='par_1_6' title="bbox 382 801 1841 882">
     <span class='ocr_line' id='line_1_6' title="bbox 382 801 1841 882; baseline 0.001 -20"><span class='ocrx_word' id='word_1_31' title='bbox 382 806 454 862; x_wconf 93' lang='lat' dir='ltr'>ut</span> <span class='ocrx_word' id='word_1_32' title='bbox 481 801 663 882; x_wconf 89' lang='lat' dir='ltr'>pueri</span> <span class='ocrx_word' id='word_1_33' title='bbox 692 801 959 863; x_wconf 84' lang='lat' dir='ltr'>Iunonis</span> <span class='ocrx_word' id='word_1_34' title='bbox 987 820 1189 861; x_wconf 85' lang='lat' dir='ltr'>avem.</span> <span class='ocrx_word' id='word_1_35' title='bbox 1276 801 1387 861; x_wconf 90' lang='lat' dir='ltr'>sed</span> <span class='ocrx_word' id='word_1_36' title='bbox 1416 801 1642 863; x_wconf 90' lang='lat' dir='ltr'>defluit</span> <span class='ocrx_word' id='word_1_37' title='bbox 1670 805 1841 863; x_wconf 91' lang='lat' dir='ltr'>aetas</span> 
     </span>
    </p>

    <p class='ocr_par' dir='ltr' id='par_1_7' title="bbox 378 898 1831 980">
     <span class='ocr_line' id='line_1_7' title="bbox 378 898 1831 980; baseline -0.001 -19"><span class='ocrx_word' id='word_1_38' title='bbox 378 903 443 961; x_wconf 91' lang='lat' dir='ltr'>et</span> <span class='ocrx_word' id='word_1_39' title='bbox 470 899 675 980; x_wconf 84' lang='lat' dir='ltr'>pelagi</span> <span class='ocrx_word' id='word_1_40' title='bbox 705 899 953 980; x_wconf 92' lang='lat' dir='ltr'>patiens</span> <span class='ocrx_word' id='word_1_41' title='bbox 979 902 1046 961; x_wconf 90' lang='lat' dir='ltr'>et</span> <span class='ocrx_word' id='word_1_42' title='bbox 1073 898 1328 960; x_wconf 78' lang='lat' dir='ltr'>cassidis</span> <span class='ocrx_word' id='word_1_43' title='bbox 1359 903 1550 978; x_wconf 90' lang='lat' dir='ltr'>atque</span> <span class='ocrx_word' id='word_1_44' title='bbox 1577 899 1831 979; x_wconf 87' lang='lat' dir='ltr'>ligonis.</span> 
     </span>
    </p>

    <p class='ocr_par' dir='ltr' id='par_1_8' title="bbox 377 996 2120 1077">
     <span class='ocr_line' id='line_1_8' title="bbox 377 996 2120 1077; baseline 0.001 -20"><span class='ocrx_word' id='word_1_45' title='bbox 377 997 589 1058; x_wconf 84' lang='lat' dir='ltr'>taedia</span> <span class='ocrx_word' id='word_1_46' title='bbox 617 1001 774 1058; x_wconf 89' lang='lat' dir='ltr'>tuno</span> <span class='ocrx_word' id='word_1_47' title='bbox 803 997 1079 1058; x_wconf 90' lang='lat' dir='ltr'>subeunt</span> <span class='ocrx_word' id='word_1_48' title='bbox 1107 996 1372 1070; x_wconf 92' lang='lat' dir='ltr'>animos,</span> <span class='ocrx_word' id='word_1_49' title='bbox 1413 1000 1569 1058; x_wconf 89' lang='lat' dir='ltr'>tuno</span> <span class='ocrx_word' id='word_1_50' title='bbox 1597 1017 1786 1077; x_wconf 89' lang='lat' dir='ltr'>seque</span> <span class='ocrx_word' id='word_1_51' title='bbox 1815 1017 2120 1077; x_wconf 92' lang='lat' dir='ltr'>suamque</span> 
     </span>
    </p>

    <p class='ocr_par' dir='ltr' id='par_1_9' title="bbox 379 1094 2060 1271">
     <span class='ocr_line' id='line_1_9' title="bbox 379 1094 1944 1174; baseline 0.001 -20"><span class='ocrx_word' id='word_1_52' title='bbox 379 1094 839 1174; x_wconf 78' lang='lat' dir='ltr'>Terpsichoren</span> <span class='ocrx_word' id='word_1_53' title='bbox 870 1094 1007 1156; x_wconf 91' lang='lat' dir='ltr'>odit</span> <span class='ocrx_word' id='word_1_54' title='bbox 1034 1094 1312 1155; x_wconf 83' lang='lat' dir='ltr'>facunda</span> <span class='ocrx_word' id='word_1_55' title='bbox 1342 1097 1410 1155; x_wconf 89' lang='lat' dir='ltr'>et</span> <span class='ocrx_word' id='word_1_56' title='bbox 1438 1095 1612 1155; x_wconf 89' lang='lat' dir='ltr'>nuda</span> <span class='ocrx_word' id='word_1_57' title='bbox 1640 1098 1944 1156; x_wconf 87' lang='lat' dir='ltr'>senectus.</span> 
     </span>
     <span class='ocr_line' id='line_1_10' title="bbox 457 1191 2060 1271; baseline 0.001 -19"><span class='ocrx_word' id='word_1_58' title='bbox 457 1192 670 1271; x_wconf 82' lang='lat' dir='ltr'>accipe</span> <span class='ocrx_word' id='word_1_59' title='bbox 700 1211 872 1252; x_wconf 91' lang='lat' dir='ltr'>nunc</span> <span class='ocrx_word' id='word_1_60' title='bbox 901 1195 1085 1253; x_wconf 88' lang='lat' dir='ltr'>artes.</span> <span class='ocrx_word' id='word_1_61' title='bbox 1178 1211 1257 1252; x_wconf 91' lang='lat' dir='ltr'>ne</span> <span class='ocrx_word' id='word_1_62' title='bbox 1289 1191 1444 1270; x_wconf 91' lang='lat' dir='ltr'>quid</span> <span class='ocrx_word' id='word_1_63' title='bbox 1477 1192 1593 1253; x_wconf 87' lang='lat' dir='ltr'>tibi</span> <span class='ocrx_word' id='word_1_64' title='bbox 1627 1192 1911 1254; x_wconf 83' lang='lat' dir='ltr'>conferat</span> <span class='ocrx_word' id='word_1_65' title='bbox 1942 1191 2060 1253; x_wconf 91' lang='lat' dir='ltr'>iste</span> 
     </span>
    </p>

    <p class='ocr_par' dir='ltr' id='par_1_10' title="bbox 379 1288 2101 1369">
     <span class='ocr_line' id='line_1_11' title="bbox 379 1288 2101 1369; baseline 0.001 -20"><span class='ocrx_word' id='word_1_66' title='bbox 379 1308 569 1368; x_wconf 93' lang='lat' dir='ltr'>quem</span> <span class='ocrx_word' id='word_1_67' title='bbox 598 1288 751 1349; x_wconf 90' lang='lat' dir='ltr'>colis</span> <span class='ocrx_word' id='word_1_68' title='bbox 778 1293 844 1350; x_wconf 91' lang='lat' dir='ltr'>et</span> <span class='ocrx_word' id='word_1_69' title='bbox 873 1289 1202 1349; x_wconf 89' lang='lat' dir='ltr'>Musarum</span> <span class='ocrx_word' id='word_1_70' title='bbox 1230 1291 1296 1350; x_wconf 92' lang='lat' dir='ltr'>et</span> <span class='ocrx_word' id='word_1_71' title='bbox 1324 1288 1649 1369; x_wconf 88' lang='lat' dir='ltr'>Apollinis</span> <span class='ocrx_word' id='word_1_72' title='bbox 1677 1290 1830 1350; x_wconf 88' lang='lat' dir='ltr'>aede</span> <span class='ocrx_word' id='word_1_73' title='bbox 1859 1288 2101 1364; x_wconf 90' lang='lat' dir='ltr'>relicta,</span> 
     </span>
    </p>

    <p class='ocr_par' dir='ltr' id='par_1_11' title="bbox 377 1386 1840 1465">
     <span class='ocr_line' id='line_1_12' title="bbox 377 1386 1840 1465; baseline 0.001 -18"><span class='ocrx_word' id='word_1_74' title='bbox 377 1386 511 1464; x_wconf 90' lang='lat' dir='ltr'>ipse</span> <span class='ocrx_word' id='word_1_75' title='bbox 538 1386 696 1447; x_wconf 80' lang='lat' dir='ltr'>facit</span> <span class='ocrx_word' id='word_1_76' title='bbox 724 1406 958 1458; x_wconf 85' lang='lat' dir='ltr'>versus,</span> <span class='ocrx_word' id='word_1_77' title='bbox 993 1390 1185 1465; x_wconf 90' lang='lat' dir='ltr'>atque</span> <span class='ocrx_word' id='word_1_78' title='bbox 1217 1386 1330 1447; x_wconf 91' lang='lat' dir='ltr'>uni</span> <span class='ocrx_word' id='word_1_79' title='bbox 1360 1386 1530 1448; x_wconf 80' lang='lat' dir='ltr'>cedit</span> <span class='ocrx_word' id='word_1_80' title='bbox 1561 1387 1840 1448; x_wconf 89' lang='lat' dir='ltr'>Homero</span> 
     </span>
    </p>

    <p class='ocr_par' dir='ltr' id='par_1_12' title="bbox 376 1483 1926 1564">
     <span class='ocr_line' id='line_1_13' title="bbox 376 1483 1926 1564; baseline 0.002 -21"><span class='ocrx_word' id='word_1_81' title='bbox 376 1488 637 1564; x_wconf 88' lang='lat' dir='ltr'>propter</span> <span class='ocrx_word' id='word_1_82' title='bbox 665 1483 838 1545; x_wconf 91' lang='lat' dir='ltr'>mille</span> <span class='ocrx_word' id='word_1_83' title='bbox 867 1503 1084 1545; x_wconf 89' lang='lat' dir='ltr'>annos.</span> <span class='ocrx_word' id='word_1_84' title='bbox 1175 1487 1240 1544; x_wconf 88' lang='lat' dir='ltr'>et</span> <span class='ocrx_word' id='word_1_85' title='bbox 1269 1483 1321 1545; x_wconf 91' lang='lat' dir='ltr'>si</span> <span class='ocrx_word' id='word_1_86' title='bbox 1351 1483 1690 1546; x_wconf 86' lang='lat' dir='ltr'>dulcedine</span> <span class='ocrx_word' id='word_1_87' title='bbox 1719 1485 1926 1546; x_wconf 83' lang='lat' dir='ltr'>famae</span> 
     </span>
    </p>

    <p class='ocr_par' dir='ltr' id='par_1_13' title="bbox 376 1580 1991 1654">
     <span class='ocr_line' id='line_1_14' title="bbox 376 1580 1991 1654; baseline 0.001 -13"><span class='ocrx_word' id='word_1_88' title='bbox 376 1599 710 1642; x_wconf 92' lang='lat' dir='ltr'>succensus</span> <span class='ocrx_word' id='word_1_89' title='bbox 737 1580 981 1654; x_wconf 79' lang='lat' dir='ltr'>recites,</span> <span class='ocrx_word' id='word_1_90' title='bbox 1018 1580 1373 1643; x_wconf 89' lang='lat' dir='ltr'>Maculonis</span> <span class='ocrx_word' id='word_1_91' title='bbox 1403 1581 1764 1643; x_wconf 90' lang='lat' dir='ltr'>commodat</span> <span class='ocrx_word' id='word_1_92' title='bbox 1791 1582 1991 1643; x_wconf 88' lang='lat' dir='ltr'>aedes.</span> 
     </span>
    </p>

    <p class='ocr_par' dir='ltr' id='par_1_14' title="bbox 378 1677 1833 1756">
     <span class='ocr_line' id='line_1_15' title="bbox 378 1677 1833 1756; baseline 0.002 -18"><span class='ocrx_word' id='word_1_93' title='bbox 378 1677 529 1739; x_wconf 90' lang='lat' dir='ltr'>haec</span> <span class='ocrx_word' id='word_1_94' title='bbox 557 1677 745 1756; x_wconf 87' lang='lat' dir='ltr'>longe</span> <span class='ocrx_word' id='word_1_95' title='bbox 774 1678 1011 1739; x_wconf 80' lang='lat' dir='ltr'>ferrata</span> <span class='ocrx_word' id='word_1_96' title='bbox 1040 1678 1265 1740; x_wconf 92' lang='lat' dir='ltr'>domus</span> <span class='ocrx_word' id='word_1_97' title='bbox 1293 1679 1527 1741; x_wconf 88' lang='lat' dir='ltr'>servire</span> <span class='ocrx_word' id='word_1_98' title='bbox 1556 1679 1833 1753; x_wconf 88' lang='lat' dir='ltr'>iubetur,</span> 
     </span>
    </p>

    <p class='ocr_par' dir='ltr' id='par_1_15' title="bbox 376 1775 1729 1857">
     <span class='ocr_line' id='line_1_16' title="bbox 376 1775 1729 1857; baseline 0.003 -23"><span class='ocrx_word' id='word_1_99' title='bbox 376 1775 445 1835; x_wconf 90' lang='lat' dir='ltr'>in</span> <span class='ocrx_word' id='word_1_100' title='bbox 475 1795 601 1854; x_wconf 88' lang='lat' dir='ltr'>qua</span> <span class='ocrx_word' id='word_1_101' title='bbox 628 1775 927 1836; x_wconf 89' lang='lat' dir='ltr'>sollicitas</span> <span class='ocrx_word' id='word_1_102' title='bbox 955 1775 1248 1836; x_wconf 74' lang='lat' dir='ltr'>imitatur</span> <span class='ocrx_word' id='word_1_103' title='bbox 1276 1775 1468 1838; x_wconf 91' lang='lat' dir='ltr'>ianua</span> <span class='ocrx_word' id='word_1_104' title='bbox 1496 1780 1729 1857; x_wconf 77' lang='lat' dir='ltr'>portas,</span> 
     </span>
    </p>

    <p class='ocr_par' dir='ltr' id='par_1_16' title="bbox 376 1870 1888 1954">
     <span class='ocr_line' id='line_1_17' title="bbox 376 1870 1888 1954; baseline 0.002 -21"><span class='ocrx_word' id='word_1_105' title='bbox 376 1872 495 1933; x_wconf 91' lang='lat' dir='ltr'>scit</span> <span class='ocrx_word' id='word_1_106' title='bbox 524 1874 671 1933; x_wconf 90' lang='lat' dir='ltr'>dare</span> <span class='ocrx_word' id='word_1_107' title='bbox 698 1873 959 1934; x_wconf 89' lang='lat' dir='ltr'>libertos</span> <span class='ocrx_word' id='word_1_108' title='bbox 986 1870 1268 1935; x_wconf 79' lang='lat' dir='ltr'>extrema</span> <span class='ocrx_word' id='word_1_109' title='bbox 1295 1873 1366 1933; x_wconf 90' lang='lat' dir='ltr'>in</span> <span class='ocrx_word' id='word_1_110' title='bbox 1397 1877 1578 1954; x_wconf 89' lang='lat' dir='ltr'>parte</span> <span class='ocrx_word' id='word_1_111' title='bbox 1609 1875 1888 1936; x_wconf 91' lang='lat' dir='ltr'>sedentis</span> 
     </span>
    </p>

    <p class='ocr_par' dir='ltr' id='par_1_17' title="bbox 376 1969 1939 2051">
     <span class='ocr_line' id='line_1_18' title="bbox 376 1969 1939 2051; baseline 0.003 -21"><span class='ocrx_word' id='word_1_112' title='bbox 376 1969 617 2031; x_wconf 91' lang='lat' dir='ltr'>ordinis</span> <span class='ocrx_word' id='word_1_113' title='bbox 645 1973 711 2030; x_wconf 91' lang='lat' dir='ltr'>et</span> <span class='ocrx_word' id='word_1_114' title='bbox 739 1990 999 2049; x_wconf 91' lang='lat' dir='ltr'>magnas</span> <span class='ocrx_word' id='word_1_115' title='bbox 1027 1971 1336 2032; x_wconf 91' lang='lat' dir='ltr'>comitum</span> <span class='ocrx_word' id='word_1_116' title='bbox 1366 1970 1700 2051; x_wconf 88' lang='lat' dir='ltr'>disponere</span> <span class='ocrx_word' id='word_1_117' title='bbox 1728 1992 1939 2034; x_wconf 81' lang='lat' dir='ltr'>voces:</span> 
     </span>
    </p>

    <p class='ocr_par' dir='ltr' id='par_1_18' title="bbox 376 2067 1981 2149">
     <span class='ocr_line' id='line_1_19' title="bbox 376 2067 1981 2149; baseline 0.002 -22"><span class='ocrx_word' id='word_1_118' title='bbox 376 2087 564 2128; x_wconf 89' lang='lat' dir='ltr'>nemo</span> <span class='ocrx_word' id='word_1_119' title='bbox 594 2067 771 2128; x_wconf 88' lang='lat' dir='ltr'>dabit</span> <span class='ocrx_word' id='word_1_120' title='bbox 801 2087 1044 2147; x_wconf 89' lang='lat' dir='ltr'>regum,</span> <span class='ocrx_word' id='word_1_121' title='bbox 1080 2068 1306 2148; x_wconf 88' lang='lat' dir='ltr'>quanti</span> <span class='ocrx_word' id='word_1_122' title='bbox 1337 2070 1635 2130; x_wconf 89' lang='lat' dir='ltr'>subsellia</span> <span class='ocrx_word' id='word_1_123' title='bbox 1663 2074 1981 2149; x_wconf 75' lang='lat' dir='ltr'>constant,</span> 
     </span>
    </p>
   </div>
   <div class='ocr_carea' id='block_1_3' title="bbox 374 2167 2421 2258">
    <p class='ocr_par' dir='ltr' id='par_1_19' title="bbox 374 2167 2421 2258">
     <span class='ocr_line' id='line_1_20' title="bbox 374 2167 2421 2258; baseline -0.005 -30"><span class='ocrx_word' id='word_1_124' title='bbox 374 2170 439 2228; x_wconf 91' lang='lat' dir='ltr'>et</span> <span class='ocrx_word' id='word_1_125' title='bbox 468 2186 628 2246; x_wconf 88' lang='lat' dir='ltr'>quae</span> <span class='ocrx_word' id='word_1_126' title='bbox 657 2167 973 2228; x_wconf 90' lang='lat' dir='ltr'>conducto</span> <span class='ocrx_word' id='word_1_127' title='bbox 1002 2168 1286 2258; x_wconf 61' lang='lat' dir='ltr'>pendent</span> <span class='ocrx_word' id='word_1_128' title='bbox 1314 2168 1665 2252; x_wconf 72' lang='lat' dir='ltr'>anabathra</span> <span class='ocrx_word' id='word_1_129' title='bbox 1693 2168 1923 2248; x_wconf 86' lang='lat' dir='ltr'>tigillo,</span> <span class='ocrx_word' id='word_1_130' title='bbox 2016 2175 2151 2222; x_wconf 53' lang='lat' dir='ltr'>(za—ze</span> <span class='ocrx_word' id='word_1_131' title='bbox 2174 2175 2195 2216; x_wconf 55' lang='grc' dir='ltr'>ὓ</span> <span class='ocrx_word' id='word_1_132' title='bbox 2254 2171 2333 2208; x_wconf 49' lang='lat' dir='ltr'>§i⁴²</span> <span class='ocrx_word' id='word_1_133' title='bbox 2358 2171 2363 2178; x_wconf 70' lang='grc'><em>“</em></span> <span class='ocrx_word' id='word_1_134' title='bbox 2394 2169 2421 2209; x_wconf 72' lang='lat'><em>5</em></span> 
     </span>
    </p>
   </div>
   <div class='ocr_carea' id='block_1_4' title="bbox 275 2255 2181 3819">
    <p class='ocr_par' dir='ltr' id='par_1_20' title="bbox 373 2255 2163 2550">
     <span class='ocr_line' id='line_1_21' title="bbox 376 2255 2163 2344; baseline 0.003 -20"><span class='ocrx_word' id='word_1_135' title='bbox 376 2283 661 2343; x_wconf 87' lang='lat' dir='ltr'>quaeque</span> <span class='ocrx_word' id='word_1_136' title='bbox 691 2265 1088 2344; x_wconf 89' lang='lat' dir='ltr'>reportandis</span> <span class='ocrx_word' id='word_1_137' title='bbox 1118 2265 1327 2344; x_wconf 89' lang='lat' dir='ltr'>posita</span> <span class='ocrx_word' id='word_1_138' title='bbox 1355 2269 1450 2327; x_wconf 91' lang='lat' dir='ltr'>est</span> <span class='ocrx_word' id='word_1_139' title='bbox 1480 2266 1802 2328; x_wconf 80' lang='lat' dir='ltr'>orchestra</span> <span class='ocrx_word' id='word_1_140' title='bbox 1828 2255 2163 2330; x_wconf 72' lang='lat' dir='ltr'>cathedris.</span> 
     </span>
     <span class='ocr_line' id='line_1_22' title="bbox 373 2361 2112 2445; baseline 0.003 -24"><span class='ocrx_word' id='word_1_141' title='bbox 373 2381 488 2422; x_wconf 93' lang='lat' dir='ltr'>nos</span> <span class='ocrx_word' id='word_1_142' title='bbox 515 2365 729 2423; x_wconf 90' lang='lat' dir='ltr'>tamen</span> <span class='ocrx_word' id='word_1_143' title='bbox 759 2362 878 2424; x_wconf 92' lang='lat' dir='ltr'>hoc</span> <span class='ocrx_word' id='word_1_144' title='bbox 907 2361 1155 2441; x_wconf 85' lang='lat' dir='ltr'>agimus</span> <span class='ocrx_word' id='word_1_145' title='bbox 1184 2363 1494 2443; x_wconf 88' lang='lat' dir='ltr'>tenuique</span> <span class='ocrx_word' id='word_1_146' title='bbox 1522 2364 1590 2425; x_wconf 91' lang='lat' dir='ltr'>in</span> <span class='ocrx_word' id='word_1_147' title='bbox 1619 2364 1878 2445; x_wconf 86' lang='lat' dir='ltr'>pulvere</span> <span class='ocrx_word' id='word_1_148' title='bbox 1907 2364 2112 2426; x_wconf 90' lang='lat' dir='ltr'>sulcos</span> 
     </span>
     <span class='ocr_line' id='line_1_23' title="bbox 374 2458 1778 2550; baseline 0.004 -32"><span class='ocrx_word' id='word_1_149' title='bbox 374 2458 763 2550; x_wconf 41' lang='lat' dir='ltr'>ducimus&#39;et</span> <span class='ocrx_word' id='word_1_150' title='bbox 789 2458 943 2521; x_wconf 90' lang='lat' dir='ltr'>litus</span> <span class='ocrx_word' id='word_1_151' title='bbox 972 2460 1172 2522; x_wconf 87' lang='lat' dir='ltr'>sterili</span> <span class='ocrx_word' id='word_1_152' title='bbox 1205 2480 1522 2538; x_wconf 76' lang='lat' dir='ltr'>versamus</span> <span class='ocrx_word' id='word_1_153' title='bbox 1550 2468 1778 2524; x_wconf 87' lang='lat' dir='ltr'>aratro.</span> 
     </span>
    </p>

    <p class='ocr_par' dir='ltr' id='par_1_21' title="bbox 373 2557 1749 2638">
     <span class='ocr_line' id='line_1_24' title="bbox 373 2557 1749 2638; baseline 0.001 -21"><span class='ocrx_word' id='word_1_154' title='bbox 373 2576 523 2618; x_wconf 94' lang='lat' dir='ltr'>nam</span> <span class='ocrx_word' id='word_1_155' title='bbox 552 2557 602 2618; x_wconf 90' lang='lat' dir='ltr'>si</span> <span class='ocrx_word' id='word_1_156' title='bbox 633 2558 933 2632; x_wconf 76' lang='lat' dir='ltr'>discedaS,</span> <span class='ocrx_word' id='word_1_157' title='bbox 967 2558 1190 2638; x_wconf 90' lang='lat' dir='ltr'>laqueo</span> <span class='ocrx_word' id='word_1_158' title='bbox 1220 2562 1401 2620; x_wconf 87' lang='lat' dir='ltr'>tenet</span> <span class='ocrx_word' id='word_1_159' title='bbox 1429 2558 1749 2621; x_wconf 88' lang='lat' dir='ltr'>ambitiosi</span> 
     </span>
    </p>

    <p class='ocr_par' dir='ltr' id='par_1_22' title="bbox 372 2655 1982 2833">
     <span class='ocr_line' id='line_1_25' title="bbox 372 2655 1836 2731; baseline 0.003 -16"><span class='ocrx_word' id='word_1_160' title='bbox 372 2656 763 2716; x_wconf 89' lang='lat' dir='ltr'>consuetudo</span> <span class='ocrx_word' id='word_1_161' title='bbox 793 2655 973 2731; x_wconf 85' lang='lat' dir='ltr'>mali3</span> <span class='ocrx_word' id='word_1_162' title='bbox 1022 2659 1206 2718; x_wconf 35' lang='lat' dir='ltr'>tenet*</span> <span class='ocrx_word' id='word_1_163' title='bbox 1223 2656 1571 2718; x_wconf 89' lang='lat' dir='ltr'>insanabile</span> <span class='ocrx_word' id='word_1_164' title='bbox 1600 2658 1836 2719; x_wconf 91' lang='lat' dir='ltr'>multos</span> 
     </span>
     <span class='ocr_line' id='line_1_26' title="bbox 372 2752 1982 2833; baseline 0.002 -20"><span class='ocrx_word' id='word_1_165' title='bbox 372 2752 685 2813; x_wconf 88' lang='lat' dir='ltr'>scribendi</span> <span class='ocrx_word' id='word_1_166' title='bbox 715 2755 1042 2814; x_wconf 88' lang='lat' dir='ltr'>cacoethes</span> <span class='ocrx_word' id='word_1_167' title='bbox 1071 2756 1137 2814; x_wconf 87' lang='lat' dir='ltr'>et</span> <span class='ocrx_word' id='word_1_168' title='bbox 1167 2772 1353 2833; x_wconf 89' lang='lat' dir='ltr'>aegro</span> <span class='ocrx_word' id='word_1_169' title='bbox 1382 2753 1452 2814; x_wconf 91' lang='lat' dir='ltr'>in</span> <span class='ocrx_word' id='word_1_170' title='bbox 1481 2755 1669 2816; x_wconf 88' lang='lat' dir='ltr'>corde</span> <span class='ocrx_word' id='word_1_171' title='bbox 1685 2754 1982 2818; x_wconf 83' lang='lat' dir='ltr'>senescit.</span> 
     </span>
    </p>

    <p class='ocr_par' dir='ltr' id='par_1_23' title="bbox 357 2845 2012 2932">
     <span class='ocr_line' id='line_1_27' title="bbox 357 2845 2012 2932; baseline 0.002 -22"><span class='ocrx_word' id='word_1_172' title='bbox 357 2845 481 2910; x_wconf 83' lang='lat' dir='ltr'>‘sed</span> <span class='ocrx_word' id='word_1_173' title='bbox 512 2853 722 2911; x_wconf 84' lang='lat' dir='ltr'>vatem</span> <span class='ocrx_word' id='word_1_174' title='bbox 751 2850 1101 2929; x_wconf 88' lang='lat' dir='ltr'>egregium,</span> <span class='ocrx_word' id='word_1_175' title='bbox 1137 2852 1241 2911; x_wconf 91' lang='lat' dir='ltr'>cui</span> <span class='ocrx_word' id='word_1_176' title='bbox 1274 2871 1401 2912; x_wconf 92' lang='lat' dir='ltr'>non</span> <span class='ocrx_word' id='word_1_177' title='bbox 1432 2851 1516 2912; x_wconf 89' lang='lat' dir='ltr'>sit</span> <span class='ocrx_word' id='word_1_178' title='bbox 1543 2852 1802 2932; x_wconf 86' lang='lat' dir='ltr'>publica</span> <span class='ocrx_word' id='word_1_179' title='bbox 1830 2872 2012 2927; x_wconf 82' lang='lat' dir='ltr'>vena,</span> 
     </span>
    </p>

    <p class='ocr_par' dir='ltr' id='par_1_24' title="bbox 371 2946 1876 3126">
     <span class='ocr_line' id='line_1_28' title="bbox 372 2946 1876 3029; baseline 0.003 -23"><span class='ocrx_word' id='word_1_180' title='bbox 372 2946 483 3026; x_wconf 91' lang='lat' dir='ltr'>qui</span> <span class='ocrx_word' id='word_1_181' title='bbox 512 2946 605 3007; x_wconf 89' lang='lat' dir='ltr'>nil</span> <span class='ocrx_word' id='word_1_182' title='bbox 635 2947 995 3026; x_wconf 86' lang='lat' dir='ltr'>expositum</span> <span class='ocrx_word' id='word_1_183' title='bbox 1025 2948 1221 3009; x_wconf 85' lang='lat' dir='ltr'>soleat</span> <span class='ocrx_word' id='word_1_184' title='bbox 1250 2948 1583 3022; x_wconf 88' lang='lat' dir='ltr'>deducere,</span> <span class='ocrx_word' id='word_1_185' title='bbox 1621 2968 1734 3010; x_wconf 91' lang='lat' dir='ltr'>nec</span> <span class='ocrx_word' id='word_1_186' title='bbox 1765 2950 1876 3029; x_wconf 88' lang='lat' dir='ltr'>qui</span> 
     </span>
     <span class='ocr_line' id='line_1_29' title="bbox 371 3044 1785 3126; baseline 0.002 -22"><span class='ocrx_word' id='word_1_187' title='bbox 371 3044 696 3105; x_wconf 90' lang='lat' dir='ltr'>communi</span> <span class='ocrx_word' id='word_1_188' title='bbox 727 3044 919 3105; x_wconf 83' lang='lat' dir='ltr'>feriat</span> <span class='ocrx_word' id='word_1_189' title='bbox 947 3064 1199 3106; x_wconf 88' lang='lat' dir='ltr'>carmen</span> <span class='ocrx_word' id='word_1_190' title='bbox 1231 3044 1480 3107; x_wconf 87' lang='lat' dir='ltr'>triviale</span> <span class='ocrx_word' id='word_1_191' title='bbox 1510 3048 1785 3126; x_wconf 75' lang='lat' dir='ltr'>moneta,</span> 
     </span>
    </p>

    <p class='ocr_par' dir='ltr' id='par_1_25' title="bbox 369 3141 2181 3628">
     <span class='ocr_line' id='line_1_30' title="bbox 371 3141 2150 3222; baseline 0.003 -21"><span class='ocrx_word' id='word_1_192' title='bbox 371 3141 567 3216; x_wconf 92' lang='lat' dir='ltr'>hunc,</span> <span class='ocrx_word' id='word_1_193' title='bbox 603 3143 854 3221; x_wconf 91' lang='lat' dir='ltr'>qualem</span> <span class='ocrx_word' id='word_1_194' title='bbox 883 3162 1127 3222; x_wconf 90' lang='lat' dir='ltr'>nequeo</span> <span class='ocrx_word' id='word_1_195' title='bbox 1156 3147 1510 3205; x_wconf 86' lang='lat' dir='ltr'>monstrare</span> <span class='ocrx_word' id='word_1_196' title='bbox 1541 3144 1841 3207; x_wconf 84' lang='lat' dir='ltr'>etsentio</span> <span class='ocrx_word' id='word_1_197' title='bbox 1871 3148 2150 3220; x_wconf 88' lang='lat' dir='ltr'>tantum,</span> 
     </span>
     <span class='ocr_line' id='line_1_31' title="bbox 370 3238 1901 3353; baseline 0.003 -53"><span class='ocrx_word' id='word_1_198' title='bbox 370 3238 688 3301; x_wconf 85' lang='lat' dir='ltr'>anxietate</span> <span class='ocrx_word' id='word_1_199' title='bbox 717 3259 934 3301; x_wconf 89' lang='lat' dir='ltr'>carens</span> <span class='ocrx_word' id='word_1_200' title='bbox 963 3240 1214 3302; x_wconf 89' lang='lat' dir='ltr'>animus</span> <span class='ocrx_word' id='word_1_201' title='bbox 1243 3240 1447 3353; x_wconf 40' lang='lat' dir='ltr'>&#39;facita</span> <span class='ocrx_word' id='word_1_202' title='bbox 1459 3241 1666 3303; x_wconf 86' lang='lat' dir='ltr'>omnis</span> <span class='ocrx_word' id='word_1_203' title='bbox 1693 3243 1901 3304; x_wconf 88' lang='lat' dir='ltr'>acerbi</span> 
     </span>
     <span class='ocr_line' id='line_1_32' title="bbox 371 3336 2014 3419; baseline 0.003 -23"><span class='ocrx_word' id='word_1_204' title='bbox 371 3336 711 3417; x_wconf 89' lang='lat' dir='ltr'>inpatiens,</span> <span class='ocrx_word' id='word_1_205' title='bbox 745 3338 1017 3418; x_wconf 88' lang='lat' dir='ltr'>cupidus</span> <span class='ocrx_word' id='word_1_206' title='bbox 1046 3338 1348 3399; x_wconf 81' lang='lat' dir='ltr'>silvarum</span> <span class='ocrx_word' id='word_1_207' title='bbox 1379 3342 1694 3419; x_wconf 87' lang='lat' dir='ltr'>aptusque</span> <span class='ocrx_word' id='word_1_208' title='bbox 1723 3339 2014 3402; x_wconf 88' lang='lat' dir='ltr'>bibendis</span> 
     </span>
     <span class='ocr_line' id='line_1_33' title="bbox 369 3433 2181 3516; baseline 0.004 -22"><span class='ocrx_word' id='word_1_209' title='bbox 369 3433 659 3495; x_wconf 84' lang='lat' dir='ltr'>fontibus</span> <span class='ocrx_word' id='word_1_210' title='bbox 689 3435 1034 3497; x_wconf 89' lang='lat' dir='ltr'>Aonidum.</span> <span class='ocrx_word' id='word_1_211' title='bbox 1127 3456 1334 3516; x_wconf 90' lang='lat' dir='ltr'>neque</span> <span class='ocrx_word' id='word_1_212' title='bbox 1362 3436 1535 3498; x_wconf 88' lang='lat' dir='ltr'>enim</span> <span class='ocrx_word' id='word_1_213' title='bbox 1566 3441 1820 3499; x_wconf 89' lang='lat' dir='ltr'>cantare</span> <span class='ocrx_word' id='word_1_214' title='bbox 1849 3440 1966 3500; x_wconf 90' lang='lat' dir='ltr'>sub</span> <span class='ocrx_word' id='word_1_215' title='bbox 1995 3442 2181 3501; x_wconf 85' lang='lat' dir='ltr'>antro</span> 
     </span>
     <span class='ocr_line' id='line_1_34' title="bbox 371 3531 1935 3628; baseline 0.003 -36"><span class='ocrx_word' id='word_1_216' title='bbox 371 3531 577 3593; x_wconf 89' lang='lat' dir='ltr'>Pierio</span> <span class='ocrx_word' id='word_1_217' title='bbox 607 3532 1028 3613; x_wconf 85' lang='lat' dir='ltr'>thyrsumque</span> <span class='ocrx_word' id='word_1_218' title='bbox 1061 3537 1269 3614; x_wconf 90' lang='lat' dir='ltr'>potest</span> <span class='ocrx_word' id='word_1_219' title='bbox 1296 3534 1667 3614; x_wconf 86' lang='lat' dir='ltr'>contingere</span> <span class='ocrx_word' id='word_1_220' title='bbox 1699 3542 1935 3628; x_wconf 77' lang='lat' dir='ltr'>maesta</span> 
     </span>
    </p>

    <p class='ocr_par' dir='ltr' id='par_1_26' title="bbox 275 3631 2174 3819">
     <span class='ocr_line' id='line_1_35' title="bbox 275 3631 1981 3713; baseline 0.004 -25"><span class='ocrx_word' id='word_1_221' title='bbox 275 3633 276 3638; x_wconf 76' lang='grc'>’</span> <span class='ocrx_word' id='word_1_222' title='bbox 369 3633 707 3709; x_wconf 89' lang='lat' dir='ltr'>paupertas</span> <span class='ocrx_word' id='word_1_223' title='bbox 734 3634 923 3710; x_wconf 89' lang='lat' dir='ltr'>atque</span> <span class='ocrx_word' id='word_1_224' title='bbox 946 3631 1112 3692; x_wconf 72' lang='lat' dir='ltr'>aeris</span> <span class='ocrx_word' id='word_1_225' title='bbox 1141 3631 1344 3712; x_wconf 92' lang='lat' dir='ltr'>inops,</span> <span class='ocrx_word' id='word_1_226' title='bbox 1380 3652 1506 3712; x_wconf 92' lang='lat' dir='ltr'>quo</span> <span class='ocrx_word' id='word_1_227' title='bbox 1537 3636 1723 3694; x_wconf 92' lang='lat' dir='ltr'>nocte</span> <span class='ocrx_word' id='word_1_228' title='bbox 1752 3633 1981 3713; x_wconf 89' lang='lat' dir='ltr'>dieque</span> 
     </span>
     <span class='ocr_line' id='line_1_36' title="bbox 369 3718 2174 3819; baseline 0.004 -33"><span class='ocrx_word' id='word_1_229' title='bbox 369 3745 598 3807; x_wconf 89' lang='lat' dir='ltr'>corpus</span> <span class='ocrx_word' id='word_1_230' title='bbox 626 3731 799 3807; x_wconf 88' lang='lat' dir='ltr'>eget:</span> <span class='ocrx_word' id='word_1_231' title='bbox 844 3731 1022 3795; x_wconf 83' lang='lat' dir='ltr'>satur</span> <span class='ocrx_word' id='word_1_232' title='bbox 1048 3731 1144 3790; x_wconf 89' lang='lat' dir='ltr'>est</span> <span class='ocrx_word' id='word_1_233' title='bbox 1171 3748 1320 3790; x_wconf 92' lang='lat' dir='ltr'>cum</span> <span class='ocrx_word' id='word_1_234' title='bbox 1351 3718 1516 3791; x_wconf 67' lang='lat' dir='ltr'>dicit</span> <span class='ocrx_word' id='word_1_235' title='bbox 1540 3729 1849 3793; x_wconf 90' lang='lat' dir='ltr'>Horatius</span> <span class='ocrx_word' id='word_1_236' title='bbox 1883 3731 1900 3760; x_wconf 92' lang='lat'>‘</span> <span class='ocrx_word' id='word_1_237' title='bbox 1921 3732 2174 3819; x_wconf 61' lang='lat' dir='ltr'>euhoe)</span> 
     </span>
    </p>
   </div>
   <div class='ocr_carea' id='block_1_5' title="bbox 2511 614 2596 673">
    <p class='ocr_par' dir='ltr' id='par_1_27' title="bbox 2511 614 2596 673">
     <span class='ocr_line' id='line_1_37' title="bbox 2511 614 2596 673; baseline -0.012 0"><span class='ocrx_word' id='word_1_238' title='bbox 2511 614 2596 673; x_wconf 88' lang='lat'>30</span> 
     </span>
    </p>
   </div>
   <div class='ocr_carea' id='block_1_6' title="bbox 2506 1102 2697 1160">
    <p class='ocr_par' dir='ltr' id='par_1_28' title="bbox 2506 1102 2697 1160">
     <span class='ocr_line' id='line_1_38' title="bbox 2506 1102 2697 1160; baseline 0 0"><span class='ocrx_word' id='word_1_239' title='bbox 2506 1102 2697 1160; x_wconf 62' lang='lat'>35*</span> 
     </span>
    </p>
   </div>
   <div class='ocr_carea' id='block_1_7' title="bbox 2506 1590 2590 1648">
    <p class='ocr_par' dir='ltr' id='par_1_29' title="bbox 2506 1590 2590 1648">
     <span class='ocr_line' id='line_1_39' title="bbox 2506 1590 2590 1648; baseline 0 0"><span class='ocrx_word' id='word_1_240' title='bbox 2506 1590 2590 1648; x_wconf 87' lang='grc'>40</span> 
     </span>
    </p>
   </div>
   <div class='ocr_carea' id='block_1_8' title="bbox 2505 2078 2588 2138">
    <p class='ocr_par' dir='ltr' id='par_1_30' title="bbox 2505 2078 2588 2138">
     <span class='ocr_line' id='line_1_40' title="bbox 2505 2078 2588 2138; baseline 0.012 -1"><span class='ocrx_word' id='word_1_241' title='bbox 2505 2078 2588 2138; x_wconf 89' lang='grc'>45</span> 
     </span>
    </p>
   </div>
   <div class='ocr_carea' id='block_1_9' title="bbox 2505 2569 2588 2628">
    <p class='ocr_par' dir='ltr' id='par_1_31' title="bbox 2505 2569 2588 2628">
     <span class='ocr_line' id='line_1_41' title="bbox 2505 2569 2588 2628; baseline -0.012 0"><span class='ocrx_word' id='word_1_242' title='bbox 2505 2569 2588 2628; x_wconf 86' lang='grc'>50</span> 
     </span>
    </p>
   </div>
   <div class='ocr_carea' id='block_1_10' title="bbox 2503 3056 2584 3115">
    <p class='ocr_par' dir='ltr' id='par_1_32' title="bbox 2503 3056 2584 3115">
     <span class='ocr_line' id='line_1_42' title="bbox 2503 3056 2584 3115; baseline 0 0"><span class='ocrx_word' id='word_1_243' title='bbox 2503 3056 2584 3115; x_wconf 86' lang='grc'>55</span> 
     </span>
    </p>
   </div>
   <div class='ocr_carea' id='block_1_11' title="bbox 2501 3545 2585 3603">
    <p class='ocr_par' dir='ltr' id='par_1_33' title="bbox 2501 3545 2585 3603">
     <span class='ocr_line' id='line_1_43' title="bbox 2501 3545 2585 3603; baseline 0.012 -1"><span class='ocrx_word' id='word_1_244' title='bbox 2501 3545 2585 3603; x_wconf 90' lang='grc'>60</span> 
     </span>
    </p>
   </div>
  </div>
 </body>
</html>
