2787 4328
458 264 541 329 86
1192 278 1254 322 D.
1307 278 1501 325 1VN11
1545 278 1926 325 IVVENALIS

454 430 625 492 idem
655 429 911 492 habitus
940 429 1222 504 cunctis,'
1242 428 1410 490 tonsi
1441 427 1726 508 rectique
1755 429 1969 510 capilli

453 532 644 608 atque
673 527 859 589 hodie
889 530 1142 588 tantum
1173 531 1433 607 propter
1462 527 1750 589 convivia
1777 528 1947 608 pexi.
2539 534 2652 593 150

451 625 720 708 pastoris
751 624 897 686 duri
928 624 1033 685 hic
1063 628 1156 685 est
1186 624 1376 697 filius,
1414 623 1521 685 ille
1552 625 1836 687 bubulci.

452 724 725 804 suspirat
755 723 944 802 longo
974 741 1102 782 non
1133 722 1328 784 visam
1360 726 1644 802 tempore
1676 730 1963 797 matrem,
2728 644 2737 855 1

451 827 517 885 et
545 823 820 884 casulam
851 825 914 882 et
941 825 1125 883 notos
1155 821 1353 882 tristis
1383 822 1699 883 desiderat
1728 823 1979 896 haedoS,

450 920 714 1001 ingenui
744 920 962 982 vultus
990 940 1150 1000 puer
1179 919 1572 1000 ingenuique
1600 921 1883 1001 pudoris,
2725 994 2727 1000 A

450 1019 664 1098 quales
691 1039 819 1081 esse
848 1019 1028 1080 decet
1057 1038 1212 1098 quos
1241 1019 1468 1079 ardens
1496 1038 1783 1099 purpura
1810 1018 2019 1092 vestit,
2535 1023 2650 1082 155
2723 1024 2729 1069 l

448 1136 561 1178 nec
590 1118 936 1197 pupillares
964 1117 1171 1178 defert
1199 1117 1267 1177 in
1297 1116 1520 1177 balnea
1550 1137 1776 1177 raucus
2726 1102 2727 1117 ¹

448 1214 791 1288 testiculos,
826 1236 941 1277 nec
971 1215 1289 1276 vellendas
1318 1215 1444 1276 iam
1477 1214 1770 1294 praebuit
1800 1216 1948 1289 alaS,

447 1331 647 1373 crassa
675 1333 790 1374 nec
820 1313 1107 1394 opposito
1136 1311 1406 1392 pavidus
1435 1312 1596 1391 tegit
1624 1312 1893 1389 inguina
1922 1316 2117 1392 guto„
2154 1348 2161 1351 ν

448 1409 550 1470 hic
580 1410 698 1471 tibi
728 1410 876 1472 vina
905 1411 1081 1472 dabit
1111 1410 1344 1471 diffusa
1371 1410 1441 1470 in
1470 1410 1796 1473 montibus
1824 1410 1950 1471 illis
2054 1408 2067 1475 ἶ

444 1527 480 1568 a
509 1507 740 1586 quibus
768 1507 901 1587 ipse
932 1507 1128 1582 venit,
1164 1527 1437 1587 quorum
1469 1509 1584 1569 sub
1614 1507 1846 1570 vertice
1873 1506 2058 1583 lusit3
2526 1513 2645 1571 160

443 1624 720 1685 namque
751 1625 881 1666 una
907 1610 1100 1685 atque
1130 1607 1343 1667 eadem
1376 1610 1470 1667 est
1499 1605 1631 1667 vini
1661 1605 1868 1685 patria
1895 1609 2088 1684 atque
2116 1604 2417 1666 ministri.

443 1702 710 1764 forsitan
739 1707 1027 1783 expectes
1055 1706 1130 1764 ut
1161 1703 1478 1764 Gaditana
1506 1723 1734 1764 canoro

442 1800 756 1880 incipiant
784 1801 1033 1881 prurire
1062 1800 1275 1874 choro,
1311 1801 1666 1880 plausuque
1697 1802 1993 1880 probatae

441 1895 519 1956 ad
554 1898 786 1955 terram
819 1895 1091 1956 tremulo
1119 1895 1505 1956 descendant
1534 1895 1720 1955 clune
1749 1895 2014 1974 puellae.

441 1995 729 2071 spectant
756 1992 875 2053 hoc
906 1996 1144 2071 nuptae
1174 1991 1354 2052 iuxta
1383 1992 1726 2053 recubante
1755 1992 2005 2064 marito,
2520 1996 2638 2055 165
2684 1998 2685 2001 ’
2714 2066 2715 2073 ¹

442 2091 611 2171 quod
642 2090 882 2171 pudeat
912 2109 1164 2151 narrare
1192 2089 1472 2170 aliquem
1507 2089 1943 2170 praesentibus
1972 2089 2143 2170 ipsis,
2712 2078 2715 2107 ⁴

441 2189 926 2250 inritamentum
958 2187 1199 2250 veneris
1226 2188 1590 2268 languentis
1618 2191 1683 2249 et
1711 2208 1883 2249 acres

440 2287 655 2347 divitis
684 2286 941 2361 urticae,
979 2285 1177 2347 maior
1208 2289 1420 2347 tamen
1452 2286 1572 2347 ista
1600 2286 1892 2366 voluptas

438 2384 696 2445 alterius
724 2404 933 2460 sexus3
979 2383 1179 2463 magis
1208 2383 1315 2444 ille
1344 2381 1733 2457 extenditur,
1767 2387 1834 2445 et
1861 2404 2008 2445 mox

436 2481 693 2542 auribus
721 2484 912 2561 atque
941 2480 1138 2542 oculis
1167 2485 1469 2561 concepta
1499 2480 1682 2542 urina
1713 2484 2019 2542 movetur.
2520 2489 2639 2549 170

437 2598 563 2639 non
596 2578 766 2658 capit
795 2578 908 2639 has
935 2598 1137 2658 nugas
1165 2577 1429 2638 humilis
1457 2579 1702 2639 domus.
1792 2578 2012 2639 audiat
2040 2578 2146 2640 ille

436 2679 743 2737 testarum
771 2675 1048 2755 crepitus
1077 2696 1223 2737 cum
1257 2675 1479 2749 verbis,
1514 2676 1761 2737 nudum
1792 2676 1961 2738 olido
1990 2679 2161 2737 stans

435 2774 677 2836 fornice
706 2774 1095 2854 mancipium
1128 2774 1358 2853 quibus
1386 2774 1682 2847 abstinet,
1717 2773 2106 2835 ille'fruatur

440 2871 692 2933 vocibus
719 2871 1040 2932 obscaenis
1068 2871 1367 2951 omnique
1396 2871 1682 2932 libidinis
1710 2875 1868 2943 arte,

437 2969 547 3048 qui
579 2970 1146 3030 Lacedaemonium
1176 2969 1515 3049 pytismate
1543 2969 1818 3030 lubricat
1846 2970 2090 3045 orbem3
2520 2978 2638 3038 175

439 3086 709 3146 namque
739 3066 825 3127 ibi
855 3067 1152 3127 fortunae
1183 3066 1433 3128 veniam
1465 3068 1706 3127 damus.
1798 3067 1932 3127 alea
1960 3066 2167 3146 turpis
2707 3045 2711 3110 ἶ

437 3168 622 3244 turpe
650 3168 715 3225 et
743 3164 1129 3225 adulterium
1159 3164 1610 3226 mediocribus:
1655 3164 1809 3226 haec
1837 3166 2052 3226 eadem
2082 3164 2174 3224 illi
2704 3155 2714 3216 l

435 3281 532 3323 om
546 3262 648 3323 nia
677 3283 824 3323 cum
855 3262 1115 3336 faciant,
1149 3262 1379 3323 hilares
1410 3261 1727 3342 nitidique
1757 3266 2083 3323 vocantur.

437 3366 649 3423 nostra
676 3362 922 3423 dabunt
951 3361 1103 3422 alios
1131 3360 1320 3421 hodie
1351 3360 1639 3423 convivia
1666 3361 1872 3435 ludos,

435 3460 725 3521 conditor
754 3459 986 3521 Iliados
1014 3457 1375 3520 cantabitur
1404 3461 1595 3537 atque
1628 3458 1906 3519 Maronis
2519 3465 2636 3526 180
2696 3447 2715 3504 4

436 3558 684 3619 altisoni
718 3557 976 3619 dubiam
1006 3556 1309 3618 facientia
1337 3556 1620 3618 carmina
1648 3557 1943 3637 palmam.
2373 3550 2378 3552 ’

437 3655 590 3734 quid
621 3656 837 3729 refert,
873 3656 1030 3717 tales
1061 3674 1274 3716 versus
1304 3673 1430 3734 qua
1459 3674 1606 3715 voce
1636 3655 1930 3733 legantur
1949 3655 1979 3713 1³

515 3752 623 3812 sed
654 3772 826 3813 nunc
855 3751 1070 3814 dilatis
1096 3755 1305 3814 averte
1335 3751 1589 3831 negotia
1617 3752 1784 3813 curis

2712 2751 2713 2756 „
2706 2645 2717 2732 υ-...μ
