2787 4328
1050 248 1316 295 SATVRA
1360 249 1408 294 X

873 820 1141 882 LIBER
1196 819 1604 895 QVARTVS

205 966 219 1015 ⁸
1036 1015 1324 1066 SATVRA
1370 1015 1422 1064 X

0 1148 6 1196 2
118 1179 449 1243 Omnibus
475 1180 550 1245 ,in
579 1179 783 1254 terriS,
820 1198 979 1259 quae
1008 1159 1161 1241 sunt
1188 1199 1226 1240 a
1257 1179 1540 1241 Gadibus
1569 1199 1768 1259 usque

116 1278 449 1372 Auroram
478 1280 544 1338 et
573 1276 861 1357 Gangen,
893 1276 1081 1357 pauci
1112 1276 1438 1339 dinoscere
1466 1280 1732 1358 possunt

115 1395 276 1453 vjera
305 1375 473 1436 bona
499 1378 692 1454 atque
711 1373 847 1438 illis
874 1375 1154 1435 multum
1185 1374 1451 1446 diversa,
1485 1379 1726 1436 remota

29 1511 45 1518 -
115 1472 361 1535 erroris
388 1471 643 1534 nebula.
732 1471 887 1551 quid
915 1472 1086 1533 enim
1117 1472 1360 1535 ratione
1388 1472 1690 1534 timemus

11 1636 36 1651 ,
118 1573 241 1633 aut
269 1569 568 1651 cupimus
588 1571 618 1630 ’Β
701 1568 856 1649 quid
887 1574 1016 1631 tam
1048 1571 1275 1632 dextro
1308 1570 1471 1651 pede
1498 1569 1801 1650 concipis,
1835 1573 1911 1631 ut
1937 1573 2003 1633 te

120 1672 398 1731 conatus
425 1687 557 1729 non
584 1666 906 1748 paeniteat
935 1667 1193 1747 votique
1222 1667 1513 1749 peracti?
1537 1680 1541 1685 ·

123 1766 661 1828 evertere‘domos
686 1767 853 1855 totas
881 1764 1252 1845 optantibus
1281 1764 1436 1845 ipsis

0 1880 14 1896 ·
123 1864 194 1925 di
224 1852 486 1951 faciles5
559 1862 1048 1942 nocitura-toga,
1084 1862 1377 1925 nocitura
1404 1865 1719 1943 petuntur

0 2026 4 2033 ,
125 1960 395 2044 11111111ῥῖ;
440 1965 687 2027 torrens
715 1960 968 2022 dicendi
997 1961 1179 2041 copia
1206 1960 1431 2054 multis

124 2063 192 2121 et
220 2079 337 2121 sua
365 2058 695 2123 mortifera
722 2061 817 2119 est
844 2058 1169 2132 facundia,
1205 2058 1445 2129 viribus
1474 2058 1581 2120 ille

125 2152 404 2220 confisus
431 2155 623 2238 periit
650 2155 1166 2237 admirandisque
1194 2156 1466 2231 lacertis,

9 2247 48 2322 s
125 2257 235 2319 sed
265 2255 482 2336 plures
535 2254 740 2315 nimia
764 2259 1063 2334 congesta
1091 2255 1361 2335 pecunia
1387 2263 1541 2317 cura

125 2353 488 2433 strangulat
516 2356 581 2414 et
608 2355 842 2415 cuncta
869 2372 1223 2433 exuperans
1252 2353 1640 2434 patrimonia
1667 2373 1892 2417 census

0 2481 10 2486 «
126 2454 371 2531 quanto
399 2450 721 2530 delphinis
749 2450 1036 2512 ballaena
1068 2450 1440 2512 Britannica
1467 2450 1690 2513 maior.

126 2540 522 2629 temporibus
550 2537 708 2609 diris
737 2547 938 2627 igitur
967 2547 1267 2628 iussuque
1296 2548 1574 2610 Neronis

0 2665 8 2683 ·
127 2645 496 2726 Longinum
527 2648 594 2707 et
621 2665 886 2725 magnos
915 2644 1187 2707 Senecae
1215 2645 1586 2726 praedivitis
1613 2645 1833 2708 hortos

0 2796 8 2813 ,
125 2742 357 2806 clausit
384 2746 451 2804 et
480 2742 764 2823 egregias
793 2742 1250 2805 Lateranorum
1284 2742 1529 2805 obsidet
1556 2743 1739 2805 aedes
1847 2739 1858 2748 ’

125 2843 263 2902 tota
288 2840 542 2902 cohors:
586 2860 767 2902 rarus
795 2840 971 2902 venit
998 2840 1068 2901 in
1097 2843 1399 2903 cenacula
1427 2840 1626 2902 miles,

125 2958 327 3020 pauca
352 2938 748 3022 licet—portes
775 2938 1025 3019 argenti
1056 2939 1307 3000 vascula
1335 2938 1483 3018 puri

0 3059 36 3120 ’ρ
127 3040 311 3098 nocte
340 3036 512 3098 iter
494 3056 833 3116 ingressus,
869 3036 1154 3116 gladium
1185 3040 1576 3117 contumque
1605 3036 1857 3099 timebis

0 3129 28 3150 ,-

127 3138 192 3197 et
220 3138 426 3197 motae
455 3135 536 3196 ad
567 3135 787 3197 lunam
818 3135 1167 3224 trepidabis
1195 3134 1580 3222 harundinis
1606 3135 1929 3196 umbram·

1 3255 4 3268 ·
128 3232 411 3294 cantabit
438 3251 676 3295 vacuus
704 3253 916 3295 coram
945 3233 1190 3295 latrone
1221 3231 1444 3294 viator.

2 3396 16 3410 ‚
128 3330 333 3411 prima
360 3330 495 3396 iere
527 3334 673 3394 vota
700 3334 766 3393 et
793 3330 1042 3393 cunctis
1070 3329 1404 3392 notissima
1430 3330 1691 3411 templis

129 3428 408 3502 divitiae,
443 3433 728 3491 crescant
758 3432 835 3489 ut
862 3448 1032 3509 opes,
1065 3432 1142 3489 ut
1171 3427 1450 3489 maxima
1479 3431 1614 3490 toto

130 3529 342 3588 nostra
371 3525 456 3587 sit
484 3546 628 3588 arca
655 3527 819 3589 foro.
906 3526 1011 3588 sed
1044 3526 1224 3587 nulla
1253 3525 1505 3588 aconita
1537 3524 1852 3587 bibuntur

131 3624 462 3686 fictilibus:
505 3628 664 3687 tunc
693 3624 806 3687 illa
834 3624 1011 3698 time,
1045 3644 1193 3685 cum
1221 3623 1451 3704 pocula
1479 3642 1689 3685 sumes

132 3724 445 3803 gemmata
471 3724 538 3783 et
565 3721 697 3785 lato
726 3721 1022 3785 Setinum
1051 3720 1302 3784 ardebit
1329 3721 1400 3783 in
1428 3740 1606 3783 auro.

2246 252 2321 319 71

2256 2062 2333 2122 10

2196 2552 2330 2611 ·15

2254 3040 2332 3099 20

2254 3528 2332 3587 25
