2787 4328
432 278 518 327 20
1159 277 1226 323 D.
1275 277 1473 324 IVNII
1516 276 1902 322 IVVENALIS

430 427 763 489 interdum
792 430 859 489 et
887 428 1062 490 ferro
1092 427 1347 490 subitus
1377 431 1703 513 grassator
1732 426 1870 508 agit
1899 446 2036 488 rem
2062 446 2081 514 Ξ
2207 426 2252 500 ’ζ

429 529 679 589 armato
709 525 1013 605 quotiens
1045 528 1227 586 tutae
1258 525 1529 586 custode
1560 528 1872 586 tenentur

430 627 496 690 et
528 621 876 703 Pomptina
905 622 1091 703 palus
1122 626 1188 684 et
1219 621 1575 683 Gallinaria
1603 622 1819 702 pinus,
1853 623 1862 631 '

430 720 520 782 sic
550 719 703 780 inde
734 718 863 781 huc
894 738 1116 781 omnes
1147 723 1481 799 tamquam
1510 719 1592 780 ad
1621 719 1866 782 vivaria
1895 722 2190 782 currunt.

430 837 566 899 qua
586 817 849 878 fornace
877 834 1125 897 graves,
1160 836 1289 897 qua
1309 836 1442 878 non
1470 817 1709 879 incude
1741 822 2006 879 catenae
2037 817 2065 878 Ρ

429 915 747 976 maximus
776 914 845 975 in
875 913 1107 976 vinclis
1135 913 1294 975 ferri
1326 914 1579 989 modus,
1614 918 1690 974 ut
1720 914 1951 977 timeas
1979 933 2063 975 ne

428 1032 649 1074 vomer
681 1011 963 1085 deficiat,
999 1030 1081 1072 ne
1110 1031 1356 1108 marrae
1388 1016 1454 1073 et
1473 1013 1737 1121 sagcula
1768 1013 2003 1076 desint.

428 1110 650 1173 felices
680 1128 1066 1192 proavorum
1095 1113 1338 1183 ataVOS,
1373 1109 1592 1171 felicia
1623 1111 1798 1174 dicas

428 1209 684 1270 saecula
714 1227 879 1289 quae
911 1207 1238 1288 quondam
1269 1207 1389 1268 sub
1421 1207 1680 1288 regibus
1710 1214 1906 1291 atque
1935 1210 2221 1274 tribunis

428 1304 736 1366 viderunt
766 1324 897 1366 uno
927 1306 1305 1365 contentam
1336 1323 1589 1366 carcere
1620 1305 1909 1368 Romam.

507 1400 609 1464 his
638 1402 795 1465 alias
823 1405 1117 1488 poteram
1147 1403 1213 1462 et
1241 1401 1448 1481 pluris
1478 1402 1860 1465 subnectere
1890 1424 2132 1467 causas·
2259 1398 2304 1470 ἶ.

428 1500 540 1562 sed
568 1500 863 1562 iumenta
892 1503 1128 1561 vocant
1158 1500 1224 1560 et
1254 1499 1349 1560 sol
1380 1498 1678 1574 inclinat,
1713 1500 2003 1563 eundum
2034 1505 2132 1563 est
2155 1523 2176 1579 3

427 1617 579 1660 nam
608 1597 770 1659 mihi
800 1600 1122 1658 commota
1150 1595 1279 1657 iam
1310 1596 1563 1657 dudum
1591 1598 1795 1660 mulio
1825 1598 2007 1680 virga

427 1695 679 1756 adnuit.
770 1713 923 1775 ergo
954 1693 1093 1755 vale
1123 1692 1329 1754 nostri
1359 1712 1626 1768 memor,
1662 1700 1729 1757 et
1760 1696 2062 1777 quotiens
2090 1700 2157 1759 te

431 1792 632 1853 Roma
660 1796 777 1854 tuo
805 1791 1466 1873 reficisproperantem
1495 1793 1724 1855 reddet
1754 1793 2039 1873 Aquin0‚

428 1908 530 1949 me
561 1908 816 1969 quoque
845 1888 928 1949 ad
960 1887 1308 1948 Helvinam
1340 1888 1637 1950 Cererem
1666 1892 2074 1971 vestramque
2106 1891 2385 1953 Dianam

430 1989 731 2047 converte
761 2005 799 2046 a
829 1984 1068 2046 Gumis.
1162 1987 1528 2046 saturarum
1560 2006 1702 2068 ege,
1735 1988 1805 2048 ni
1836 1988 2041 2068 pudet
2071 1988 2235 2062 illas,

427 2081 689 2144 auditor
715 2082 963 2163 gelidos
992 2080 1248 2143 veniam
1282 2082 1601 2162 caligatus
1631 2084 1700 2144 in
1730 2085 1965 2167 agros?

1317 2334 1609 2388 SATVRA
1654 2336 1737 2388 IV

431 2487 600 2549 Ecce
626 2487 867 2564 iterum
898 2485 1256 2565 crispinae,
1291 2490 1358 2547 et
1387 2490 1486 2548 est
1515 2487 1676 2549 mihi
1706 2507 1894 2570 saepe
1922 2489 2252 2552 vocandus

429 2583 513 2646 ad
541 2559 779 2665 partes,
814 2586 1179 2645 monstrum
1207 2583 1390 2645 nulla
1419 2584 1666 2647 virtute
1694 2588 2106 2668 redemptum

430 2702 468 2745 a
495 2681 695 2755 vitiis,
724 2700 951 2761 aegrae
981 2679 1244 2760 solaque
1273 2680 1546 2743 libidine
1576 2683 1780 2745 sortes

432 2778 700 2841 deliciae
726 2798 742 2852 ;
775 2778 1002 2839 viduas
1033 2780 1294 2838 tantum
1326 2784 1671 2859 spernatur
1699 2781 1976 2844 adulter.

431 2876 591 2957 quid
620 2877 823 2937 refert
851 2874 1059 2955 igitur
1088 2875 1350 2953 quantis
1380 2876 1675 2939 iumenta
1705 2878 1942 2959 fatiget

431 2973 811 3055 porticibuS,
846 2975 1092 3053 quanta
1121 2991 1464 3034 nemorum
1492 2979 1789 3061 vectetur
1818 2976 1887 3037 in
1916 2977 2167 3052 umbra,

431 3072 656 3153 iugera
685 3077 845 3152 quot
873 3070 1087 3132 vicina
1115 3070 1282 3144 fore,
1312 3091 1471 3150 quas
1502 3072 1732 3134 emerit
1761 3074 1950 3135 aedes
1982 3073 2010 3135 Ρ

431 3188 623 3232 nemo
651 3169 860 3230 malus
889 3168 1069 3243 felix,
1105 3168 1372 3230 minime
1404 3173 1746 3251 corruptor
1776 3174 1842 3232 et
1870 3170 2044 3232 idem

431 3267 740 3340 incestUS,
774 3285 922 3327 cum
953 3283 1081 3346 quo
1110 3285 1320 3346 nuper
1347 3266 1587 3329 vittata
1615 3268 1866 3330 iacebat

432 3364 747 3446 sanguine
777 3363 990 3425 adhuc
1020 3364 1167 3426 vivo
1196 3368 1437 3425 terram
1469 3365 1767 3427 subitura
1796 3366 2111 3428 sacerdos.

432 3462 545 3526 sed
573 3481 749 3522 nunc
780 3461 859 3522 de
889 3461 1083 3523 sactis
1112 3461 1482 3524 levioribus.
1572 3468 1639 3524 et
1667 3468 1887 3525 tamen
1917 3464 2082 3525 alter

432 3560 488 3623 si
520 3559 779 3621 fecisset
809 3558 1004 3633 idem,
1040 3560 1298 3620 caderet
1329 3560 1449 3621 sub
1479 3559 1694 3623 iudice
1725 3557 1977 3622 merum
2003 3582 2021 3637 ;

431 3677 583 3719 nam
612 3656 787 3736 quod
816 3658 1007 3737 turpe
1036 3656 1221 3719 bonis
1253 3656 1430 3718 Titio
1462 3657 1756 3738 Seioque,
1791 3657 2060 3720 decebat

435 3753 826 3836 Crispinum.
916 3753 1075 3834 quid
1103 3772 1275 3835 agas,
1312 3773 1464 3815 cum
1493 3755 1634 3817 dira
1663 3760 1731 3817 et
1757 3755 2010 3818 foedior
2038 3755 2215 3819 omni

2517 430 2643 490 305

2515 916 2643 976 310

2516 1409 2637 1469 315
2677 1491 2683 1496 ¹

2515 1896 2636 1955 320
2742 1892 2764 1899 '⁴

2554 3371 2637 3433 10
