<?xml version="1.0" encoding="UTF-8"?>
<!DOCTYPE html PUBLIC "-//W3C//DTD XHTML 1.0 Transitional//EN"
    "http://www.w3.org/TR/xhtml1/DTD/xhtml1-transitional.dtd">
<html xmlns="http://www.w3.org/1999/xhtml" xml:lang="en" lang="en">
 <head>
  <title>
</title>
<meta http-equiv="Content-Type" content="text/html;charset=utf-8" />
  <meta name='ocr-system' content='tesseract 3.04.00' />
  <meta name='ocr-capabilities' content='ocr_page ocr_carea ocr_par ocr_line ocrx_word'/>
</head>
<body>
  <div class='ocr_page' id='page_1' title='image "./divniivvenaliss00juvgoog_0089.png"; bbox 0 0 2787 4328; ppageno 0'>
   <div class='ocr_carea' id='block_1_1' title="bbox 1074 236 1415 282">
    <p class='ocr_par' dir='ltr' id='par_1_1' title="bbox 1074 236 1415 282">
     <span class='ocr_line' id='line_1_1' title="bbox 1074 236 1415 282; baseline 0 -2"><span class='ocrx_word' id='word_1_1' title='bbox 1074 236 1149 281; x_wconf 81' lang='lat' dir='ltr'><strong>sA</strong></span> <span class='ocrx_word' id='word_1_2' title='bbox 1158 236 1341 282; x_wconf 81' lang='lat' dir='ltr'><strong>TVRA</strong></span> <span class='ocrx_word' id='word_1_3' title='bbox 1386 236 1415 280; x_wconf 96' lang='lat'>1</span> 
     </span>
    </p>
   </div>
   <div class='ocr_carea' id='block_1_2' title="bbox 119 387 1856 762">
    <p class='ocr_par' dir='ltr' id='par_1_2' title="bbox 119 387 1856 762">
     <span class='ocr_line' id='line_1_2' title="bbox 153 387 1825 471; baseline -0.001 -20"><span class='ocrx_word' id='word_1_4' title='bbox 153 406 159 410; x_wconf 89' lang='grc'><em>·</em></span> <span class='ocrx_word' id='word_1_5' title='bbox 204 390 341 471; x_wconf 89' lang='lat' dir='ltr'><strong>ipse</strong></span> <span class='ocrx_word' id='word_1_6' title='bbox 373 388 514 450; x_wconf 91' lang='lat' dir='ltr'><strong>dies</strong></span> <span class='ocrx_word' id='word_1_7' title='bbox 544 387 822 469; x_wconf 85' lang='lat' dir='ltr'><strong>pulchro</strong></span> <span class='ocrx_word' id='word_1_8' title='bbox 847 387 1282 468; x_wconf 81' lang='lat' dir='ltr'><strong>distinguitur</strong></span> <span class='ocrx_word' id='word_1_9' title='bbox 1311 387 1538 450; x_wconf 83' lang='lat' dir='ltr'><strong>ordine</strong></span> <span class='ocrx_word' id='word_1_10' title='bbox 1568 408 1785 450; x_wconf 89' lang='lat' dir='ltr'><strong>rerum</strong></span> <span class='ocrx_word' id='word_1_11' title='bbox 1811 408 1825 449; x_wconf 72' lang='grc' dir='ltr'><strong>ε</strong></span> 
     </span>
     <span class='ocr_line' id='line_1_3' title="bbox 122 484 1823 567; baseline -0.001 -19"><span class='ocrx_word' id='word_1_12' title='bbox 122 487 436 567; x_wconf 88' lang='lat' dir='ltr'><strong>sportula,</strong></span> <span class='ocrx_word' id='word_1_13' title='bbox 473 485 712 547; x_wconf 89' lang='lat' dir='ltr'><strong>deinde</strong></span> <span class='ocrx_word' id='word_1_14' title='bbox 741 485 961 547; x_wconf 83' lang='lat' dir='ltr'><strong>forum</strong></span> <span class='ocrx_word' id='word_1_15' title='bbox 990 485 1278 566; x_wconf 91' lang='lat' dir='ltr'><strong>iurisque</strong></span> <span class='ocrx_word' id='word_1_16' title='bbox 1306 484 1558 566; x_wconf 90' lang='lat' dir='ltr'><strong>peritus</strong></span> <span class='ocrx_word' id='word_1_17' title='bbox 1588 484 1823 566; x_wconf 87' lang='lat' dir='ltr'>Apollo</span> 
     </span>
     <span class='ocr_line' id='line_1_4' title="bbox 121 582 1686 664; baseline -0.001 -18"><span class='ocrx_word' id='word_1_18' title='bbox 121 587 320 664; x_wconf 90' lang='lat' dir='ltr'><strong>atque</strong></span> <span class='ocrx_word' id='word_1_19' title='bbox 349 582 804 663; x_wconf 88' lang='lat' dir='ltr'><strong>triumphales,</strong></span> <span class='ocrx_word' id='word_1_20' title='bbox 837 583 1011 645; x_wconf 88' lang='lat' dir='ltr'><strong>inter</strong></span> <span class='ocrx_word' id='word_1_21' title='bbox 1040 603 1198 664; x_wconf 88' lang='lat' dir='ltr'><strong>quas</strong></span> <span class='ocrx_word' id='word_1_22' title='bbox 1227 602 1423 645; x_wconf 91' lang='lat' dir='ltr'><strong>ausus</strong></span> <span class='ocrx_word' id='word_1_23' title='bbox 1452 583 1686 645; x_wconf 86' lang='lat' dir='ltr'><strong>habere</strong></span> 
     </span>
     <span class='ocr_line' id='line_1_5' title="bbox 119 679 1856 762; baseline 0 -20"><span class='ocrx_word' id='word_1_24' title='bbox 119 681 342 743; x_wconf 90' lang='lat' dir='ltr'><strong>nescio</strong></span> <span class='ocrx_word' id='word_1_25' title='bbox 373 679 519 760; x_wconf 92' lang='lat' dir='ltr'><strong>quis</strong></span> <span class='ocrx_word' id='word_1_26' title='bbox 549 679 781 743; x_wconf 90' lang='lat' dir='ltr'><strong>titulos</strong></span> <span class='ocrx_word' id='word_1_27' title='bbox 811 679 1176 761; x_wconf 85' lang='lat' dir='ltr'><strong>Aegyptius</strong></span> <span class='ocrx_word' id='word_1_28' title='bbox 1206 684 1403 761; x_wconf 90' lang='lat' dir='ltr'><strong>atque</strong></span> <span class='ocrx_word' id='word_1_29' title='bbox 1433 680 1856 762; x_wconf 79' lang='lat' dir='ltr'><strong>Arabarches,</strong></span> 
     </span>
    </p>
   </div>
   <div class='ocr_carea' id='block_1_3' title="bbox 3 778 1896 956">
    <p class='ocr_par' dir='ltr' id='par_1_3' title="bbox 3 778 1990 956">
     <span class='ocr_line' id='line_1_6' title="bbox 3 778 1896 864; baseline -0.001 -23"><span class='ocrx_word' id='word_1_30' title='bbox 3 846 4 849; x_wconf 46' lang='lat'>,</span> <span class='ocrx_word' id='word_1_31' title='bbox 120 778 312 841; x_wconf 92' lang='lat' dir='ltr'><strong>cuius</strong></span> <span class='ocrx_word' id='word_1_32' title='bbox 341 779 426 841; x_wconf 89' lang='lat' dir='ltr'><strong>ad</strong></span> <span class='ocrx_word' id='word_1_33' title='bbox 456 778 734 858; x_wconf 89' lang='lat' dir='ltr'><strong>effigiem</strong></span> <span class='ocrx_word' id='word_1_34' title='bbox 764 798 896 839; x_wconf 93' lang='lat' dir='ltr'><strong>non</strong></span> <span class='ocrx_word' id='word_1_35' title='bbox 926 783 1189 839; x_wconf 88' lang='lat' dir='ltr'><strong>tantum</strong></span> <span class='ocrx_word' id='word_1_36' title='bbox 1219 778 1457 864; x_wconf 60' lang='lat' dir='ltr'><strong>meiere</strong></span> <span class='ocrx_word' id='word_1_37' title='bbox 1485 778 1585 839; x_wconf 81' lang='lat' dir='ltr'><strong>fas</strong></span> <span class='ocrx_word' id='word_1_38' title='bbox 1614 782 1731 840; x_wconf 89' lang='lat' dir='ltr'><strong>est.</strong></span> <span class='ocrx_word' id='word_1_39' title='bbox 1837 779 1896 818; x_wconf 52' lang='grc' dir='ltr'>Ψ</span> 
     </span>
     <span class='ocr_line' id='line_1_7' title="bbox 93 875 1620 956; baseline -0.003 -15"><span class='ocrx_word' id='word_1_40' title='bbox 93 876 466 941; x_wconf 65' lang='lat' dir='ltr'><strong>vestibulis</strong></span> <span class='ocrx_word' id='word_1_41' title='bbox 495 875 740 937; x_wconf 89' lang='lat' dir='ltr'><strong>abeunt</strong></span> <span class='ocrx_word' id='word_1_42' title='bbox 767 880 1015 937; x_wconf 90' lang='lat' dir='ltr'><strong>veteres</strong></span> <span class='ocrx_word' id='word_1_43' title='bbox 1043 875 1320 956; x_wconf 80' lang='lat' dir='ltr'><strong>lassique</strong></span> <span class='ocrx_word' id='word_1_44' title='bbox 1351 876 1620 938; x_wconf 87' lang='lat' dir='ltr'><strong>clientes</strong></span> 
     </span>
    </p>
   </div>
   <div class='ocr_carea' id='block_1_4' title="bbox 118 973 1905 1251">
    <p class='ocr_par' dir='ltr' id='par_1_4' title="bbox 118 973 1905 1251">
     <span class='ocr_line' id='line_1_8' title="bbox 118 973 1854 1054; baseline 0 -19"><span class='ocrx_word' id='word_1_45' title='bbox 118 979 406 1054; x_wconf 91' lang='lat' dir='ltr'><strong>votaque</strong></span> <span class='ocrx_word' id='word_1_46' title='bbox 437 973 798 1054; x_wconf 89' lang='lat' dir='ltr'><strong>deponunt,</strong></span> <span class='ocrx_word' id='word_1_47' title='bbox 831 993 1225 1054; x_wconf 88' lang='lat' dir='ltr'><strong>quamquam</strong></span> <span class='ocrx_word' id='word_1_48' title='bbox 1253 973 1631 1054; x_wconf 91' lang='lat' dir='ltr'><strong>longissima</strong></span> <span class='ocrx_word' id='word_1_49' title='bbox 1660 993 1854 1036; x_wconf 91' lang='lat' dir='ltr'><strong>cenae</strong></span> 
     </span>
     <span class='ocr_line' id='line_1_9' title="bbox 120 1071 1905 1152; baseline 0 -19"><span class='ocrx_word' id='word_1_50' title='bbox 120 1091 270 1152; x_wconf 90' lang='lat' dir='ltr'><strong>spes</strong></span> <span class='ocrx_word' id='word_1_51' title='bbox 300 1071 553 1132; x_wconf 91' lang='lat' dir='ltr'><strong>homini</strong></span> <span class='ocrx_word' id='word_1_52' title='bbox 580 1091 599 1147; x_wconf 82' lang='lat'><em>3</em></span> <span class='ocrx_word' id='word_1_53' title='bbox 643 1071 842 1133; x_wconf 87' lang='lat' dir='ltr'><strong>caulis</strong></span> <span class='ocrx_word' id='word_1_54' title='bbox 870 1071 1118 1132; x_wconf 91' lang='lat' dir='ltr'><strong>miseris</strong></span> <span class='ocrx_word' id='word_1_55' title='bbox 1147 1075 1344 1152; x_wconf 89' lang='lat' dir='ltr'><strong>atque</strong></span> <span class='ocrx_word' id='word_1_56' title='bbox 1373 1071 1545 1151; x_wconf 91' lang='lat' dir='ltr'><strong>ignis</strong></span> <span class='ocrx_word' id='word_1_57' title='bbox 1575 1072 1905 1134; x_wconf 87' lang='lat' dir='ltr'><strong>emendus.</strong></span> 
     </span>
     <span class='ocr_line' id='line_1_10' title="bbox 120 1168 1644 1251; baseline -0.001 -20"><span class='ocrx_word' id='word_1_58' title='bbox 120 1168 377 1250; x_wconf 89' lang='lat' dir='ltr'><strong>optima</strong></span> <span class='ocrx_word' id='word_1_59' title='bbox 406 1168 713 1231; x_wconf 89' lang='lat' dir='ltr'><strong>silvarum</strong></span> <span class='ocrx_word' id='word_1_60' title='bbox 743 1168 992 1230; x_wconf 89' lang='lat' dir='ltr'><strong>interea</strong></span> <span class='ocrx_word' id='word_1_61' title='bbox 1019 1168 1360 1251; x_wconf 82' lang='lat' dir='ltr'><strong>pelagique</strong></span> <span class='ocrx_word' id='word_1_62' title='bbox 1390 1169 1644 1231; x_wconf 76' lang='lat' dir='ltr'><strong>vorabit</strong></span> 
     </span>
    </p>
   </div>
   <div class='ocr_carea' id='block_1_5' title="bbox 1 1246 1811 1347">
    <p class='ocr_par' dir='ltr' id='par_1_5' title="bbox 1 1246 1811 1347">
     <span class='ocr_line' id='line_1_11' title="bbox 1 1246 1811 1347; baseline 0.001 -20"><span class='ocrx_word' id='word_1_63' title='bbox 1 1264 4 1283; x_wconf 74' lang='lat'><strong>²</strong></span> <span class='ocrx_word' id='word_1_64' title='bbox 117 1286 237 1328; x_wconf 86' lang='lat' dir='ltr'><strong>rex</strong></span> <span class='ocrx_word' id='word_1_65' title='bbox 265 1246 509 1328; x_wconf 63' lang='lat' dir='ltr'><strong>borum</strong></span> <span class='ocrx_word' id='word_1_66' title='bbox 533 1265 881 1347; x_wconf 80' lang='lat' dir='ltr'><strong>vacuisque</strong></span> <span class='ocrx_word' id='word_1_67' title='bbox 903 1265 1065 1327; x_wconf 89' lang='lat' dir='ltr'><strong>toris</strong></span> <span class='ocrx_word' id='word_1_68' title='bbox 1093 1269 1356 1327; x_wconf 90' lang='lat' dir='ltr'><strong>tantum</strong></span> <span class='ocrx_word' id='word_1_69' title='bbox 1387 1266 1524 1347; x_wconf 89' lang='lat' dir='ltr'><strong>ipse</strong></span> <span class='ocrx_word' id='word_1_70' title='bbox 1554 1266 1811 1328; x_wconf 83' lang='lat' dir='ltr'><strong>iacebit.</strong></span> 
     </span>
    </p>
   </div>
   <div class='ocr_carea' id='block_1_6' title="bbox 115 1362 1928 2421">
    <p class='ocr_par' dir='ltr' id='par_1_6' title="bbox 115 1362 1928 2322">
     <span class='ocr_line' id='line_1_12' title="bbox 118 1362 1741 1444; baseline 0.001 -19"><span class='ocrx_word' id='word_1_71' title='bbox 118 1384 278 1427; x_wconf 92' lang='lat' dir='ltr'><strong>nam</strong></span> <span class='ocrx_word' id='word_1_72' title='bbox 309 1364 389 1425; x_wconf 91' lang='lat' dir='ltr'><strong>de</strong></span> <span class='ocrx_word' id='word_1_73' title='bbox 417 1367 522 1425; x_wconf 85' lang='lat' dir='ltr'><strong>tot</strong></span> <span class='ocrx_word' id='word_1_74' title='bbox 551 1362 842 1444; x_wconf 90' lang='lat' dir='ltr'><strong>pulchris</strong></span> <span class='ocrx_word' id='word_1_75' title='bbox 872 1366 938 1424; x_wconf 90' lang='lat' dir='ltr'><strong>et</strong></span> <span class='ocrx_word' id='word_1_76' title='bbox 966 1362 1117 1424; x_wconf 88' lang='lat' dir='ltr'><strong>latis</strong></span> <span class='ocrx_word' id='word_1_77' title='bbox 1148 1363 1411 1425; x_wconf 85' lang='lat' dir='ltr'><strong>orbibus</strong></span> <span class='ocrx_word' id='word_1_78' title='bbox 1441 1368 1507 1425; x_wconf 87' lang='lat' dir='ltr'><strong>et</strong></span> <span class='ocrx_word' id='word_1_79' title='bbox 1536 1367 1670 1425; x_wconf 88' lang='lat' dir='ltr'><strong>tam</strong></span> <span class='ocrx_word' id='word_1_80' title='bbox 1721 1375 1741 1426; x_wconf 67' lang='grc' dir='ltr'>ἶ</span> 
     </span>
     <span class='ocr_line' id='line_1_13' title="bbox 117 1459 1652 1541; baseline -0.002 -17"><span class='ocrx_word' id='word_1_81' title='bbox 117 1459 415 1541; x_wconf 90' lang='lat' dir='ltr'><strong>antiquis</strong></span> <span class='ocrx_word' id='word_1_82' title='bbox 446 1479 579 1521; x_wconf 92' lang='lat' dir='ltr'><strong>una</strong></span> <span class='ocrx_word' id='word_1_83' title='bbox 608 1460 960 1521; x_wconf 90' lang='lat' dir='ltr'><strong>comedunt</strong></span> <span class='ocrx_word' id='word_1_84' title='bbox 991 1460 1383 1541; x_wconf 88' lang='lat' dir='ltr'><strong>patrimonia</strong></span> <span class='ocrx_word' id='word_1_85' title='bbox 1413 1479 1652 1522; x_wconf 90' lang='lat' dir='ltr'><strong>mensa.</strong></span> 
     </span>
     <span class='ocr_line' id='line_1_14' title="bbox 117 1557 1792 1643; baseline -0.001 -23"><span class='ocrx_word' id='word_1_86' title='bbox 117 1559 348 1621; x_wconf 90' lang='lat' dir='ltr'><strong>nullus</strong></span> <span class='ocrx_word' id='word_1_87' title='bbox 377 1558 507 1619; x_wconf 89' lang='lat' dir='ltr'><strong>iam</strong></span> <span class='ocrx_word' id='word_1_88' title='bbox 537 1557 860 1643; x_wconf 88' lang='lat' dir='ltr'><strong>parasitus</strong></span> <span class='ocrx_word' id='word_1_89' title='bbox 891 1558 1034 1619; x_wconf 89' lang='lat' dir='ltr'><strong>erit.</strong></span> <span class='ocrx_word' id='word_1_90' title='bbox 1127 1559 1239 1619; x_wconf 90' lang='lat' dir='ltr'><strong>sed</strong></span> <span class='ocrx_word' id='word_1_91' title='bbox 1269 1558 1414 1638; x_wconf 90' lang='lat' dir='ltr'><strong>quis</strong></span> <span class='ocrx_word' id='word_1_92' title='bbox 1438 1557 1608 1619; x_wconf 76' lang='lat' dir='ltr'><strong>serat</strong></span> <span class='ocrx_word' id='word_1_93' title='bbox 1637 1558 1792 1619; x_wconf 88' lang='lat' dir='ltr'><strong>istas</strong></span> 
     </span>
     <span class='ocr_line' id='line_1_15' title="bbox 115 1631 1928 1736; baseline -0.001 -18"><span class='ocrx_word' id='word_1_94' title='bbox 115 1656 421 1723; x_wconf 85' lang='lat' dir='ltr'><strong>luxuriae</strong></span> <span class='ocrx_word' id='word_1_95' title='bbox 450 1631 729 1718; x_wconf 69' lang='lat' dir='ltr'><strong>sordes?</strong></span> <span class='ocrx_word' id='word_1_96' title='bbox 811 1659 1057 1736; x_wconf 88' lang='lat' dir='ltr'><strong>quanta</strong></span> <span class='ocrx_word' id='word_1_97' title='bbox 1085 1659 1183 1717; x_wconf 90' lang='lat' dir='ltr'><strong>est</strong></span> <span class='ocrx_word' id='word_1_98' title='bbox 1213 1655 1368 1735; x_wconf 88' lang='lat' dir='ltr'><strong>gula</strong></span> <span class='ocrx_word' id='word_1_99' title='bbox 1399 1674 1563 1735; x_wconf 91' lang='lat' dir='ltr'><strong>quae</strong></span> <span class='ocrx_word' id='word_1_100' title='bbox 1594 1654 1714 1716; x_wconf 91' lang='lat' dir='ltr'><strong>sibi</strong></span> <span class='ocrx_word' id='word_1_101' title='bbox 1753 1658 1928 1717; x_wconf 88' lang='lat' dir='ltr'><strong>totos</strong></span> 
     </span>
     <span class='ocr_line' id='line_1_16' title="bbox 118 1752 1767 1835; baseline -0.001 -20"><span class='ocrx_word' id='word_1_102' title='bbox 118 1753 314 1835; x_wconf 88' lang='lat' dir='ltr'><strong>ponit</strong></span> <span class='ocrx_word' id='word_1_103' title='bbox 342 1773 554 1834; x_wconf 90' lang='lat' dir='ltr'><strong>apros,</strong></span> <span class='ocrx_word' id='word_1_104' title='bbox 589 1752 829 1814; x_wconf 90' lang='lat' dir='ltr'><strong>animal</strong></span> <span class='ocrx_word' id='word_1_105' title='bbox 857 1757 1124 1834; x_wconf 85' lang='lat' dir='ltr'><strong>propter</strong></span> <span class='ocrx_word' id='word_1_106' title='bbox 1155 1752 1452 1815; x_wconf 89' lang='lat' dir='ltr'><strong>convivia</strong></span> <span class='ocrx_word' id='word_1_107' title='bbox 1481 1757 1712 1814; x_wconf 88' lang='lat' dir='ltr'><strong>natum</strong></span> <span class='ocrx_word' id='word_1_108' title='bbox 1739 1752 1767 1814; x_wconf 89' lang='grc' dir='ltr'><strong><em>Ρ</em></strong></span> 
     </span>
     <span class='ocr_line' id='line_1_17' title="bbox 120 1850 1839 1933; baseline -0.001 -20"><span class='ocrx_word' id='word_1_109' title='bbox 120 1871 332 1933; x_wconf 86' lang='lat' dir='ltr'><strong>poena</strong></span> <span class='ocrx_word' id='word_1_110' title='bbox 361 1854 583 1912; x_wconf 86' lang='lat' dir='ltr'><strong>tamen</strong></span> <span class='ocrx_word' id='word_1_111' title='bbox 613 1869 935 1930; x_wconf 87' lang='lat' dir='ltr'><strong>praesens,</strong></span> <span class='ocrx_word' id='word_1_112' title='bbox 972 1870 1121 1912; x_wconf 89' lang='lat' dir='ltr'><strong>cum</strong></span> <span class='ocrx_word' id='word_1_113' title='bbox 1149 1854 1226 1912; x_wconf 91' lang='lat' dir='ltr'><strong>tu</strong></span> <span class='ocrx_word' id='word_1_114' title='bbox 1260 1850 1532 1931; x_wconf 89' lang='lat' dir='ltr'><strong>deponis</strong></span> <span class='ocrx_word' id='word_1_115' title='bbox 1563 1850 1839 1912; x_wconf 89' lang='lat' dir='ltr'><strong>amictus</strong></span> 
     </span>
     <span class='ocr_line' id='line_1_18' title="bbox 119 1939 1796 2030; baseline -0.001 -20"><span class='ocrx_word' id='word_1_116' title='bbox 119 1948 429 2030; x_wconf 90' lang='lat' dir='ltr'><strong>turgidus</strong></span> <span class='ocrx_word' id='word_1_117' title='bbox 459 1952 527 2010; x_wconf 92' lang='lat' dir='ltr'><strong>et</strong></span> <span class='ocrx_word' id='word_1_118' title='bbox 556 1939 831 2009; x_wconf 89' lang='lat' dir='ltr'><strong>crudum</strong></span> <span class='ocrx_word' id='word_1_119' title='bbox 859 1968 1175 2029; x_wconf 91' lang='lat' dir='ltr'><strong>pavonem</strong></span> <span class='ocrx_word' id='word_1_120' title='bbox 1204 1949 1273 2010; x_wconf 91' lang='lat' dir='ltr'><strong>in</strong></span> <span class='ocrx_word' id='word_1_121' title='bbox 1302 1949 1532 2010; x_wconf 83' lang='lat' dir='ltr'><strong>balnea</strong></span> <span class='ocrx_word' id='word_1_122' title='bbox 1558 1953 1796 2030; x_wconf 88' lang='lat' dir='ltr'><strong>portas.</strong></span> 
     </span>
     <span class='ocr_line' id='line_1_19' title="bbox 119 2046 1742 2126; baseline 0 -18"><span class='ocrx_word' id='word_1_123' title='bbox 119 2047 277 2110; x_wconf 90' lang='lat' dir='ltr'><strong>hinc</strong></span> <span class='ocrx_word' id='word_1_124' title='bbox 308 2046 561 2109; x_wconf 88' lang='lat' dir='ltr'><strong>subitae</strong></span> <span class='ocrx_word' id='word_1_125' title='bbox 591 2050 830 2107; x_wconf 90' lang='lat' dir='ltr'><strong>mortes</strong></span> <span class='ocrx_word' id='word_1_126' title='bbox 859 2051 1054 2126; x_wconf 89' lang='lat' dir='ltr'><strong>atque</strong></span> <span class='ocrx_word' id='word_1_127' title='bbox 1083 2046 1396 2108; x_wconf 84' lang='lat' dir='ltr'><strong>intestata</strong></span> <span class='ocrx_word' id='word_1_128' title='bbox 1424 2050 1742 2121; x_wconf 89' lang='lat' dir='ltr'><strong>senectus,</strong></span> 
     </span>
     <span class='ocr_line' id='line_1_20' title="bbox 120 2143 1722 2226; baseline -0.001 -19"><span class='ocrx_word' id='word_1_129' title='bbox 120 2150 188 2208; x_wconf 88' lang='lat' dir='ltr'><strong>et</strong></span> <span class='ocrx_word' id='word_1_130' title='bbox 216 2164 388 2207; x_wconf 91' lang='lat' dir='ltr'><strong>nova</strong></span> <span class='ocrx_word' id='word_1_131' title='bbox 416 2163 537 2206; x_wconf 89' lang='lat' dir='ltr'><strong>nec</strong></span> <span class='ocrx_word' id='word_1_132' title='bbox 568 2143 775 2206; x_wconf 87' lang='lat' dir='ltr'><strong>tristis</strong></span> <span class='ocrx_word' id='word_1_133' title='bbox 804 2163 919 2226; x_wconf 90' lang='lat' dir='ltr'><strong>per</strong></span> <span class='ocrx_word' id='word_1_134' title='bbox 950 2149 1217 2207; x_wconf 86' lang='lat' dir='ltr'><strong>cunctas</strong></span> <span class='ocrx_word' id='word_1_135' title='bbox 1247 2144 1472 2206; x_wconf 75' lang='lat' dir='ltr'><strong>fabula</strong></span> <span class='ocrx_word' id='word_1_136' title='bbox 1493 2164 1681 2208; x_wconf 87' lang='lat' dir='ltr'><strong>cenas</strong></span> <span class='ocrx_word' id='word_1_137' title='bbox 1707 2164 1722 2206; x_wconf 70' lang='grc' dir='ltr'><strong>ε</strong></span> 
     </span>
     <span class='ocr_line' id='line_1_21' title="bbox 121 2241 1583 2322; baseline 0 -18"><span class='ocrx_word' id='word_1_138' title='bbox 121 2243 392 2306; x_wconf 81' lang='lat' dir='ltr'><strong>ducitur</strong></span> <span class='ocrx_word' id='word_1_139' title='bbox 422 2241 606 2304; x_wconf 90' lang='lat' dir='ltr'><strong>iratis</strong></span> <span class='ocrx_word' id='word_1_140' title='bbox 635 2242 1080 2322; x_wconf 88' lang='lat' dir='ltr'><strong>plaudendum</strong></span> <span class='ocrx_word' id='word_1_141' title='bbox 1109 2242 1311 2304; x_wconf 76' lang='lat' dir='ltr'><strong>sunus</strong></span> <span class='ocrx_word' id='word_1_142' title='bbox 1341 2242 1583 2304; x_wconf 89' lang='lat' dir='ltr'><strong>amicis.</strong></span> 
     </span>
    </p>

    <p class='ocr_par' dir='ltr' id='par_1_7' title="bbox 203 2339 1777 2421">
     <span class='ocr_line' id='line_1_22' title="bbox 203 2339 1777 2421; baseline 0.001 -20"><span class='ocrx_word' id='word_1_143' title='bbox 203 2340 299 2401; x_wconf 93' lang='lat' dir='ltr'><strong>nil</strong></span> <span class='ocrx_word' id='word_1_144' title='bbox 330 2340 455 2401; x_wconf 90' lang='lat' dir='ltr'><strong>erit</strong></span> <span class='ocrx_word' id='word_1_145' title='bbox 485 2339 762 2401; x_wconf 87' lang='lat' dir='ltr'><strong>ulterius</strong></span> <span class='ocrx_word' id='word_1_146' title='bbox 791 2341 966 2421; x_wconf 93' lang='lat' dir='ltr'><strong>quod</strong></span> <span class='ocrx_word' id='word_1_147' title='bbox 994 2340 1233 2402; x_wconf 84' lang='lat' dir='ltr'><strong>nostris</strong></span> <span class='ocrx_word' id='word_1_148' title='bbox 1263 2341 1550 2402; x_wconf 90' lang='lat' dir='ltr'><strong>moribus</strong></span> <span class='ocrx_word' id='word_1_149' title='bbox 1580 2341 1777 2403; x_wconf 86' lang='lat' dir='ltr'><strong>addat</strong></span> 
     </span>
    </p>
   </div>
   <div class='ocr_carea' id='block_1_7' title="bbox 6 2438 1815 2616">
    <p class='ocr_par' dir='ltr' id='par_1_8' title="bbox 6 2438 1815 2616">
     <span class='ocr_line' id='line_1_23' title="bbox 6 2438 1815 2518; baseline -0.001 -15"><span class='ocrx_word' id='word_1_150' title='bbox 6 2496 11 2503; x_wconf 84' lang='grc'>,</span> <span class='ocrx_word' id='word_1_151' title='bbox 121 2438 495 2518; x_wconf 86' lang='lat' dir='ltr'><strong>posteritas,</strong></span> <span class='ocrx_word' id='word_1_152' title='bbox 531 2438 755 2499; x_wconf 83' lang='lat' dir='ltr'><strong>eadem</strong></span> <span class='ocrx_word' id='word_1_153' title='bbox 786 2438 1032 2499; x_wconf 78' lang='lat' dir='ltr'><strong>sacient</strong></span> <span class='ocrx_word' id='word_1_154' title='bbox 1063 2439 1459 2518; x_wconf 81' lang='lat' dir='ltr'><strong>cupientque</strong></span> <span class='ocrx_word' id='word_1_155' title='bbox 1491 2438 1771 2500; x_wconf 88' lang='lat' dir='ltr'><strong>minores</strong></span> <span class='ocrx_word' id='word_1_156' title='bbox 1798 2459 1815 2501; x_wconf 72' lang='grc' dir='ltr'><strong><em>ε</em></strong></span> 
     </span>
     <span class='ocr_line' id='line_1_24' title="bbox 6 2532 1777 2616; baseline -0.001 -19"><span class='ocrx_word' id='word_1_157' title='bbox 6 2602 9 2611; x_wconf 60' lang='grc'><strong>,</strong></span> <span class='ocrx_word' id='word_1_158' title='bbox 78 2532 317 2598; x_wconf 53' lang='grc' dir='ltr'>Ἢῐηιθ</span> <span class='ocrx_word' id='word_1_159' title='bbox 347 2534 417 2596; x_wconf 93' lang='lat' dir='ltr'><strong>in</strong></span> <span class='ocrx_word' id='word_1_160' title='bbox 446 2534 789 2616; x_wconf 84' lang='lat' dir='ltr'><strong>praecipiti</strong></span> <span class='ocrx_word' id='word_1_161' title='bbox 819 2535 1054 2596; x_wconf 89' lang='lat' dir='ltr'><strong>vitium</strong></span> <span class='ocrx_word' id='word_1_162' title='bbox 1085 2535 1290 2596; x_wconf 87' lang='lat' dir='ltr'><strong>stetit.</strong></span> <span class='ocrx_word' id='word_1_163' title='bbox 1384 2539 1567 2596; x_wconf 89' lang='lat' dir='ltr'><strong>utere</strong></span> <span class='ocrx_word' id='word_1_164' title='bbox 1598 2535 1777 2610; x_wconf 89' lang='lat' dir='ltr'><strong>velis,</strong></span> 
     </span>
    </p>
   </div>
   <div class='ocr_carea' id='block_1_8' title="bbox 6 2626 39 2697">
    <p class='ocr_par' dir='ltr' id='par_1_9' title="bbox 6 2626 39 2697">
     <span class='ocr_line' id='line_1_25' title="bbox 6 2626 39 2697; baseline 0 -4"><span class='ocrx_word' id='word_1_165' title='bbox 6 2626 39 2697; x_wconf 60' lang='grc' dir='ltr'>ἰ</span> 
     </span>
    </p>
   </div>
   <div class='ocr_carea' id='block_1_9' title="bbox 123 2631 1784 2907">
    <p class='ocr_par' dir='ltr' id='par_1_10' title="bbox 123 2631 1784 2907">
     <span class='ocr_line' id='line_1_26' title="bbox 123 2631 1736 2713; baseline -0.001 -18"><span class='ocrx_word' id='word_1_166' title='bbox 123 2636 301 2695; x_wconf 91' lang='lat' dir='ltr'><strong>totos</strong></span> <span class='ocrx_word' id='word_1_167' title='bbox 330 2633 543 2713; x_wconf 90' lang='lat' dir='ltr'><strong>pande</strong></span> <span class='ocrx_word' id='word_1_168' title='bbox 574 2631 773 2694; x_wconf 91' lang='lat' dir='ltr'><strong>sinus.</strong></span> <span class='ocrx_word' id='word_1_169' title='bbox 866 2632 1041 2694; x_wconf 87' lang='lat' dir='ltr'><strong>dicas</strong></span> <span class='ocrx_word' id='word_1_170' title='bbox 1073 2632 1177 2693; x_wconf 92' lang='lat' dir='ltr'><strong>hic</strong></span> <span class='ocrx_word' id='word_1_171' title='bbox 1210 2632 1488 2693; x_wconf 75' lang='lat' dir='ltr'><strong>forsitan</strong></span> <span class='ocrx_word' id='word_1_172' title='bbox 1523 2637 1542 2664; x_wconf 86' lang='lat'>‘</span> <span class='ocrx_word' id='word_1_173' title='bbox 1563 2632 1736 2694; x_wconf 91' lang='lat' dir='ltr'><strong>unde</strong></span> 
     </span>
     <span class='ocr_line' id='line_1_27' title="bbox 124 2727 1727 2810; baseline 0 -20"><span class='ocrx_word' id='word_1_174' title='bbox 124 2727 467 2810; x_wconf 87' lang='lat' dir='ltr'><strong>ingenium</strong></span> <span class='ocrx_word' id='word_1_175' title='bbox 496 2749 614 2810; x_wconf 90' lang='lat' dir='ltr'><strong>par</strong></span> <span class='ocrx_word' id='word_1_176' title='bbox 636 2730 945 2792; x_wconf 88' lang='lat' dir='ltr'><strong>materiae</strong></span> <span class='ocrx_word' id='word_1_177' title='bbox 976 2728 1004 2790; x_wconf 99' lang='grc' dir='ltr'><strong><em>Ρ</em></strong></span> <span class='ocrx_word' id='word_1_178' title='bbox 1087 2730 1261 2793; x_wconf 78' lang='lat' dir='ltr'><strong>unde</strong></span> <span class='ocrx_word' id='word_1_179' title='bbox 1293 2729 1407 2790; x_wconf 89' lang='lat' dir='ltr'><strong>illa</strong></span> <span class='ocrx_word' id='word_1_180' title='bbox 1436 2728 1727 2809; x_wconf 88' lang='lat' dir='ltr'><strong>priorum</strong></span> 
     </span>
     <span class='ocr_line' id='line_1_28' title="bbox 125 2825 1784 2907; baseline -0.001 -19"><span class='ocrx_word' id='word_1_181' title='bbox 125 2826 452 2889; x_wconf 76' lang='lat' dir='ltr'><strong>scribendi</strong></span> <span class='ocrx_word' id='word_1_182' title='bbox 481 2826 934 2907; x_wconf 90' lang='lat' dir='ltr'><strong>quodcumque</strong></span> <span class='ocrx_word' id='word_1_183' title='bbox 964 2825 1180 2887; x_wconf 90' lang='lat' dir='ltr'><strong>animo</strong></span> <span class='ocrx_word' id='word_1_184' title='bbox 1210 2826 1525 2906; x_wconf 86' lang='lat' dir='ltr'><strong>flagrante</strong></span> <span class='ocrx_word' id='word_1_185' title='bbox 1553 2825 1784 2887; x_wconf 90' lang='lat' dir='ltr'><strong>liberet</strong></span> 
     </span>
    </p>
   </div>
   <div class='ocr_carea' id='block_1_10' title="bbox 10 2918 1845 3010">
    <p class='ocr_par' dir='ltr' id='par_1_11' title="bbox 10 2918 1845 3010">
     <span class='ocr_line' id='line_1_29' title="bbox 10 2918 1845 3010; baseline -0.001 -24"><span class='ocrx_word' id='word_1_186' title='bbox 10 2918 13 2923; x_wconf 61' lang='grc'>’</span> <span class='ocrx_word' id='word_1_187' title='bbox 127 2924 509 3010; x_wconf 58' lang='lat' dir='ltr'><strong>simplicitas</strong></span> <span class='ocrx_word' id='word_1_188' title='bbox 538 2923 604 2985; x_wconf 80' lang='lat'><strong>?&#39;</strong></span> <span class='ocrx_word' id='word_1_189' title='bbox 631 2936 643 2969; x_wconf 65' lang='lat' dir='ltr'><em>f</em></span> <span class='ocrx_word' id='word_1_190' title='bbox 687 2922 872 2985; x_wconf 88' lang='lat' dir='ltr'><strong>cuius</strong></span> <span class='ocrx_word' id='word_1_191' title='bbox 902 2942 1036 2983; x_wconf 90' lang='lat' dir='ltr'><strong>non</strong></span> <span class='ocrx_word' id='word_1_192' title='bbox 1065 2922 1272 2985; x_wconf 88' lang='lat' dir='ltr'><strong>audeo</strong></span> <span class='ocrx_word' id='word_1_193' title='bbox 1305 2923 1518 2984; x_wconf 87' lang='lat' dir='ltr'><strong>dicere</strong></span> <span class='ocrx_word' id='word_1_194' title='bbox 1547 2941 1785 2984; x_wconf 89' lang='lat' dir='ltr'><strong>nomen</strong></span> <span class='ocrx_word' id='word_1_195' title='bbox 1815 2922 1845 2985; x_wconf 87' lang='grc' dir='ltr'><strong><em>Ρ</em></strong></span> 
     </span>
    </p>
   </div>
   <div class='ocr_carea' id='block_1_11' title="bbox 127 3019 1712 3298">
    <p class='ocr_par' dir='ltr' id='par_1_12' title="bbox 127 3019 1712 3298">
     <span class='ocr_line' id='line_1_30' title="bbox 127 3019 1712 3104; baseline -0.001 -21"><span class='ocrx_word' id='word_1_196' title='bbox 127 3022 287 3104; x_wconf 91' lang='lat' dir='ltr'><strong>quid</strong></span> <span class='ocrx_word' id='word_1_197' title='bbox 315 3022 539 3095; x_wconf 76' lang='lat' dir='ltr'><strong>refert,</strong></span> <span class='ocrx_word' id='word_1_198' title='bbox 575 3020 767 3085; x_wconf 90' lang='lat' dir='ltr'><strong>dictis</strong></span> <span class='ocrx_word' id='word_1_199' title='bbox 797 3019 1089 3100; x_wconf 88' lang='lat' dir='ltr'><strong>ignoscat</strong></span> <span class='ocrx_word' id='word_1_200' title='bbox 1122 3019 1378 3082; x_wconf 89' lang='lat' dir='ltr'><strong>Mucius</strong></span> <span class='ocrx_word' id='word_1_201' title='bbox 1409 3040 1491 3082; x_wconf 87' lang='lat' dir='ltr'><strong>an</strong></span> <span class='ocrx_word' id='word_1_202' title='bbox 1522 3040 1652 3082; x_wconf 87' lang='lat' dir='ltr'><strong>non</strong></span> <span class='ocrx_word' id='word_1_203' title='bbox 1684 3020 1712 3082; x_wconf 92' lang='grc' dir='ltr'><strong><em>Ρ</em></strong></span> 
     </span>
     <span class='ocr_line' id='line_1_31' title="bbox 132 3117 1585 3201; baseline -0.002 -19"><span class='ocrx_word' id='word_1_204' title='bbox 132 3124 153 3153; x_wconf 89' lang='lat'>‘</span> <span class='ocrx_word' id='word_1_205' title='bbox 173 3138 344 3201; x_wconf 89' lang='lat' dir='ltr'><strong>pone</strong></span> <span class='ocrx_word' id='word_1_206' title='bbox 374 3117 769 3198; x_wconf 86' lang='lat' dir='ltr'><strong>Tigellinum</strong></span> <span class='ocrx_word' id='word_1_207' title='bbox 801 3139 814 3179; x_wconf 75' lang='grc' dir='ltr'><strong><em>ε</em></strong></span> <span class='ocrx_word' id='word_1_208' title='bbox 857 3117 1050 3179; x_wconf 83' lang='lat' dir='ltr'><strong>taeda</strong></span> <span class='ocrx_word' id='word_1_209' title='bbox 1076 3117 1322 3179; x_wconf 88' lang='lat' dir='ltr'><strong>lucebis</strong></span> <span class='ocrx_word' id='word_1_210' title='bbox 1352 3117 1423 3179; x_wconf 91' lang='lat' dir='ltr'><strong>in</strong></span> <span class='ocrx_word' id='word_1_211' title='bbox 1453 3118 1585 3192; x_wconf 88' lang='lat' dir='ltr'><strong>illa,</strong></span> 
     </span>
     <span class='ocr_line' id='line_1_32' title="bbox 127 3215 1695 3298; baseline -0.002 -19"><span class='ocrx_word' id='word_1_212' title='bbox 127 3237 257 3298; x_wconf 89' lang='lat' dir='ltr'><strong>qua</strong></span> <span class='ocrx_word' id='word_1_213' title='bbox 286 3220 532 3278; x_wconf 88' lang='lat' dir='ltr'><strong>stantes</strong></span> <span class='ocrx_word' id='word_1_214' title='bbox 561 3216 793 3276; x_wconf 87' lang='lat' dir='ltr'><strong>ardent</strong></span> <span class='ocrx_word' id='word_1_215' title='bbox 823 3215 1092 3296; x_wconf 63' lang='lat' dir='ltr'><strong>quifixo</strong></span> <span class='ocrx_word' id='word_1_216' title='bbox 1121 3219 1382 3296; x_wconf 87' lang='lat' dir='ltr'><strong>pectore</strong></span> <span class='ocrx_word' id='word_1_217' title='bbox 1412 3216 1695 3291; x_wconf 81' lang='lat' dir='ltr'><strong>fumant,</strong></span> 
     </span>
    </p>
   </div>
   <div class='ocr_carea' id='block_1_12' title="bbox 14 3311 1580 3389">
    <p class='ocr_par' dir='ltr' id='par_1_13' title="bbox 14 3311 1580 3389">
     <span class='ocr_line' id='line_1_33' title="bbox 14 3311 1580 3389; baseline -0.001 -13"><span class='ocrx_word' id='word_1_218' title='bbox 14 3377 55 3389; x_wconf 70' lang='lat'><strong>,-</strong></span> <span class='ocrx_word' id='word_1_219' title='bbox 127 3319 195 3376; x_wconf 87' lang='lat' dir='ltr'><strong>et</strong></span> <span class='ocrx_word' id='word_1_220' title='bbox 222 3315 434 3375; x_wconf 88' lang='lat' dir='ltr'><strong>latum</strong></span> <span class='ocrx_word' id='word_1_221' title='bbox 464 3311 676 3374; x_wconf 87' lang='lat' dir='ltr'><strong>media</strong></span> <span class='ocrx_word' id='word_1_222' title='bbox 705 3312 959 3374; x_wconf 91' lang='lat' dir='ltr'><strong>sulcum</strong></span> <span class='ocrx_word' id='word_1_223' title='bbox 991 3312 1259 3374; x_wconf 84' lang='lat' dir='ltr'><strong>deducis</strong></span> <span class='ocrx_word' id='word_1_224' title='bbox 1291 3312 1580 3374; x_wconf 86' lang='lat' dir='ltr'><strong>harena.&#39;</strong></span> 
     </span>
    </p>
   </div>
   <div class='ocr_carea' id='block_1_13' title="bbox 126 3409 1841 3787">
    <p class='ocr_par' dir='ltr' id='par_1_14' title="bbox 126 3409 1778 3592">
     <span class='ocr_line' id='line_1_34' title="bbox 128 3409 1778 3493; baseline 0.001 -22"><span class='ocrx_word' id='word_1_225' title='bbox 128 3411 241 3493; x_wconf 88' lang='lat' dir='ltr'><strong>qui</strong></span> <span class='ocrx_word' id='word_1_226' title='bbox 271 3410 455 3472; x_wconf 90' lang='lat' dir='ltr'><strong>dedit</strong></span> <span class='ocrx_word' id='word_1_227' title='bbox 485 3429 637 3490; x_wconf 88' lang='lat' dir='ltr'><strong>ergo</strong></span> <span class='ocrx_word' id='word_1_228' title='bbox 667 3409 877 3472; x_wconf 88' lang='lat' dir='ltr'><strong>tribus</strong></span> <span class='ocrx_word' id='word_1_229' title='bbox 906 3410 1159 3490; x_wconf 87' lang='lat' dir='ltr'><strong>patruis</strong></span> <span class='ocrx_word' id='word_1_230' title='bbox 1187 3409 1468 3483; x_wconf 89' lang='lat' dir='ltr'><strong>aconita,</strong></span> <span class='ocrx_word' id='word_1_231' title='bbox 1503 3410 1778 3472; x_wconf 85' lang='lat' dir='ltr'><strong>vehatur</strong></span> 
     </span>
     <span class='ocr_line' id='line_1_35' title="bbox 126 3504 1742 3592; baseline -0.001 -21"><span class='ocrx_word' id='word_1_232' title='bbox 126 3508 485 3592; x_wconf 85' lang='lat' dir='ltr'><strong>pensilibus</strong></span> <span class='ocrx_word' id='word_1_233' title='bbox 514 3504 754 3588; x_wconf 88' lang='lat' dir='ltr'><strong>plumis</strong></span> <span class='ocrx_word' id='word_1_234' title='bbox 783 3512 980 3588; x_wconf 86' lang='lat' dir='ltr'><strong>atque</strong></span> <span class='ocrx_word' id='word_1_235' title='bbox 1010 3507 1192 3569; x_wconf 92' lang='lat' dir='ltr'><strong>illinc</strong></span> <span class='ocrx_word' id='word_1_236' title='bbox 1223 3506 1540 3588; x_wconf 87' lang='lat' dir='ltr'><strong>despiciat</strong></span> <span class='ocrx_word' id='word_1_237' title='bbox 1569 3528 1686 3569; x_wconf 92' lang='lat' dir='ltr'><strong>nos</strong></span> <span class='ocrx_word' id='word_1_238' title='bbox 1714 3507 1742 3569; x_wconf 91' lang='grc' dir='ltr'><strong><em>Ρ</em></strong></span> 
     </span>
    </p>

    <p class='ocr_par' dir='ltr' id='par_1_15' title="bbox 127 3604 1841 3787">
     <span class='ocr_line' id='line_1_36' title="bbox 134 3604 1841 3686; baseline -0.001 -17"><span class='ocrx_word' id='word_1_239' title='bbox 134 3613 153 3641; x_wconf 91' lang='lat'>‘</span> <span class='ocrx_word' id='word_1_240' title='bbox 171 3626 323 3669; x_wconf 90' lang='lat' dir='ltr'><strong>cum</strong></span> <span class='ocrx_word' id='word_1_241' title='bbox 353 3604 572 3667; x_wconf 89' lang='lat' dir='ltr'><strong>veniet</strong></span> <span class='ocrx_word' id='word_1_242' title='bbox 602 3609 850 3678; x_wconf 85' lang='lat' dir='ltr'><strong>contra,</strong></span> <span class='ocrx_word' id='word_1_243' title='bbox 888 3604 1096 3685; x_wconf 87' lang='lat' dir='ltr'><strong>digito</strong></span> <span class='ocrx_word' id='word_1_244' title='bbox 1127 3624 1461 3686; x_wconf 88' lang='lat' dir='ltr'><strong>compesce</strong></span> <span class='ocrx_word' id='word_1_245' title='bbox 1491 3604 1798 3667; x_wconf 89' lang='lat' dir='ltr'><strong>labellum</strong></span> <span class='ocrx_word' id='word_1_246' title='bbox 1825 3626 1841 3667; x_wconf 70' lang='grc' dir='ltr'>ε</span> 
     </span>
     <span class='ocr_line' id='line_1_37' title="bbox 127 3701 1736 3787; baseline -0.002 -19"><span class='ocrx_word' id='word_1_247' title='bbox 127 3706 469 3768; x_wconf 89' lang='lat' dir='ltr'><strong>accusator</strong></span> <span class='ocrx_word' id='word_1_248' title='bbox 497 3701 622 3764; x_wconf 90' lang='lat' dir='ltr'><strong>erit</strong></span> <span class='ocrx_word' id='word_1_249' title='bbox 652 3702 764 3787; x_wconf 82' lang='lat' dir='ltr'><strong>qui</strong></span> <span class='ocrx_word' id='word_1_250' title='bbox 794 3702 1064 3766; x_wconf 90' lang='lat' dir='ltr'><strong>verbum</strong></span> <span class='ocrx_word' id='word_1_251' title='bbox 1095 3701 1334 3766; x_wconf 85' lang='lat' dir='ltr'><strong>dixerit</strong></span> <span class='ocrx_word' id='word_1_252' title='bbox 1365 3707 1409 3736; x_wconf 89' lang='lat'><strong>“</strong></span> <span class='ocrx_word' id='word_1_253' title='bbox 1431 3701 1538 3765; x_wconf 91' lang='lat' dir='ltr'><strong>hic</strong></span> <span class='ocrx_word' id='word_1_254' title='bbox 1569 3701 1736 3765; x_wconf 85' lang='lat' dir='ltr'><strong>est.”</strong></span> 
     </span>
    </p>
   </div>
   <div class='ocr_carea' id='block_1_14' title="bbox 2103 683 2330 752">
    <p class='ocr_par' dir='ltr' id='par_1_16' title="bbox 2103 683 2330 752">
     <span class='ocr_line' id='line_1_38' title="bbox 2103 683 2330 752; baseline -0.004 -9"><span class='ocrx_word' id='word_1_255' title='bbox 2103 743 2108 752; x_wconf 72' lang='grc'><strong>,</strong></span> <span class='ocrx_word' id='word_1_256' title='bbox 2212 683 2330 743; x_wconf 87' lang='grc'><strong>130</strong></span> 
     </span>
    </p>
   </div>
   <div class='ocr_carea' id='block_1_15' title="bbox 1999 789 2046 806">
    <p class='ocr_par' dir='ltr' id='par_1_17' title="bbox 1999 789 2046 806">
     <span class='ocr_line' id='line_1_39' title="bbox 1999 789 2046 806; baseline 0 -2"><span class='ocrx_word' id='word_1_257' title='bbox 1999 789 2046 806; x_wconf 65' lang='grc' dir='ltr'><em>Μ</em></span> 
     </span>
    </p>
   </div>
   <div class='ocr_carea' id='block_1_16' title="bbox 2211 1172 2327 1230">
    <p class='ocr_par' dir='ltr' id='par_1_18' title="bbox 2211 1172 2327 1230">
     <span class='ocr_line' id='line_1_40' title="bbox 2211 1172 2327 1230; baseline 0 0"><span class='ocrx_word' id='word_1_258' title='bbox 2211 1172 2327 1230; x_wconf 88' lang='grc'><strong>135</strong></span> 
     </span>
    </p>
   </div>
   <div class='ocr_carea' id='block_1_17' title="bbox 2210 1658 2327 1717">
    <p class='ocr_par' dir='ltr' id='par_1_19' title="bbox 2210 1658 2327 1717">
     <span class='ocr_line' id='line_1_41' title="bbox 2210 1658 2327 1717; baseline -0.009 0"><span class='ocrx_word' id='word_1_259' title='bbox 2210 1658 2327 1717; x_wconf 87' lang='grc'><strong>140</strong></span> 
     </span>
    </p>
   </div>
   <div class='ocr_carea' id='block_1_18' title="bbox 2209 2146 2326 2206">
    <p class='ocr_par' dir='ltr' id='par_1_20' title="bbox 2209 2146 2326 2206">
     <span class='ocr_line' id='line_1_42' title="bbox 2209 2146 2326 2206; baseline 0 0"><span class='ocrx_word' id='word_1_260' title='bbox 2209 2146 2326 2206; x_wconf 88' lang='grc'><strong>145</strong></span> 
     </span>
    </p>
   </div>
   <div class='ocr_carea' id='block_1_19' title="bbox 2208 2635 2327 2695">
    <p class='ocr_par' dir='ltr' id='par_1_21' title="bbox 2208 2635 2327 2695">
     <span class='ocr_line' id='line_1_43' title="bbox 2208 2635 2327 2695; baseline 0 -1"><span class='ocrx_word' id='word_1_261' title='bbox 2208 2635 2327 2695; x_wconf 86' lang='grc'><strong>150</strong></span> 
     </span>
    </p>
   </div>
   <div class='ocr_carea' id='block_1_20' title="bbox 2209 3122 2327 3181">
    <p class='ocr_par' dir='ltr' id='par_1_22' title="bbox 2209 3122 2327 3181">
     <span class='ocr_line' id='line_1_44' title="bbox 2209 3122 2327 3181; baseline 0 0"><span class='ocrx_word' id='word_1_262' title='bbox 2209 3122 2327 3181; x_wconf 88' lang='grc'><strong>155</strong></span> 
     </span>
    </p>
   </div>
   <div class='ocr_carea' id='block_1_21' title="bbox 2209 3608 2328 3666">
    <p class='ocr_par' dir='ltr' id='par_1_23' title="bbox 2209 3608 2328 3666">
     <span class='ocr_line' id='line_1_45' title="bbox 2209 3608 2328 3666; baseline 0.008 -1"><span class='ocrx_word' id='word_1_263' title='bbox 2209 3608 2328 3666; x_wconf 89' lang='grc'><strong>160</strong></span> 
     </span>
    </p>
   </div>
  </div>
 </body>
</html>
