2787 4328
1039 306 1309 351 SATVRA
1354 304 1465 350 XII

132 462 208 520 et
238 460 494 538 gratam
524 456 807 537 requiem
837 457 1005 519 dona
1034 457 1184 519 tibi:
1230 458 1486 538 quando
1514 456 1747 519 licebat

131 575 258 636 per
293 559 504 617 totum
534 574 772 616 cessare
802 553 971 615 diem
992 556 1021 614 ⁴?
1103 573 1234 616 non
1266 553 1545 617 faenoris
1575 554 1706 615 ulla

132 653 393 715 mentio
427 672 540 714 nec
568 651 775 732 prima
805 651 855 712 si
885 653 1026 713 luce
1055 671 1298 730 egressa
1329 652 1561 713 reverti

131 758 332 814 nocte
363 752 542 824 solet,
578 750 773 811 tacito
801 749 993 811 bilem
1027 749 1143 811 tibi
1172 750 1511 811 contrahat
1540 770 1698 811 uxor

131 851 370 911 umida
399 850 704 930 suspectis
733 849 1013 910 referens
1052 842 1341 909 mu'lticia
1371 848 1547 926 rugis

132 955 527 1028 vexatasque
556 969 765 1010 comas
793 953 856 1010 et
891 949 1139 1009 vultum
1171 967 1520 1027 auremque
1551 948 1884 1009 calentem.

128 1046 442 1126 protinus
470 1049 617 1107 ante
647 1066 860 1107 meum
891 1046 1204 1126 quidquid
1238 1047 1414 1107 dolet
1442 1065 1601 1107 exue
1630 1044 1850 1119 limen,

130 1163 310 1224 pone
341 1145 606 1205 domum
634 1149 699 1205 et
729 1164 935 1206 servos
964 1149 1029 1206 et
1059 1144 1374 1224 quidquid
1407 1143 1732 1223 frangitur
1761 1142 1889 1205 illis

128 1245 256 1302 aut
288 1241 477 1320 perit,
513 1241 794 1321 ingratos
823 1246 970 1303 ante
1000 1242 1214 1303 omnia
1242 1261 1408 1322 pone
1438 1241 1701 1303 sodales.

129 1338 391 1400 interea
420 1337 865 1418 Megalesiacae
895 1339 1254 1419 spectacula
1283 1358 1550 1419 mappae

130 1436 412 1497 Idaeum
442 1436 743 1497 sollemne
771 1437 1013 1510 colunt,
1049 1436 1398 1516 similisque
1429 1435 1758 1516 triumpho

128 1535 380 1614 praeda
407 1534 792 1595 caballorum
823 1538 1074 1614 praetor
1103 1535 1301 1607 sedet,
1335 1554 1409 1595 ac
1437 1532 1599 1593 mihi
1631 1553 1784 1614 pace

129 1631 468 1693 inmensae
499 1631 854 1711 nimiaeque
882 1631 1033 1692 licet
1062 1631 1113 1692 si
1142 1631 1351 1693 dicere
1379 1630 1602 1712 plebis,

135 1732 347 1791 totam
378 1728 565 1790 hodie
595 1729 859 1790 Romam
889 1729 1093 1790 circus
1121 1728 1315 1809 capit,
1350 1733 1417 1790 et
1445 1730 1660 1809 fragor
1688 1748 1905 1791 aurem

134 1826 446 1907 percutit,
479 1830 777 1887 eventum
808 1826 1027 1888 viridis
1057 1846 1183 1906 quo
1212 1827 1443 1906 colligo
1472 1826 1689 1907 panni.

132 1944 289 1985 nam
324 1924 375 1985 si
405 1924 718 2001 deficeret,
752 1928 1053 1986 maestam
1082 1925 1551 2004 attonitamque
1579 1925 1823 1986 videres

133 2023 309 2105 hanc
338 2022 561 2083 urbem
590 2022 787 2082 veluti
820 2022 1185 2084 Cannarum
1216 2022 1284 2083 in
1313 2023 1573 2102 pulvere
1604 2023 1788 2085 victis

133 2119 528 2183 consulibus.
621 2124 905 2201 spectent
934 2121 1214 2195 iuvenes,
1252 2140 1410 2201 quos
1439 2123 1676 2183 clamor
1704 2125 1768 2183 et
1796 2121 2003 2184 audax

135 2218 417 2300 sponsiO,
454 2237 611 2297 quos
638 2218 846 2280 cultae
874 2220 1054 2280 decet
1083 2220 1397 2280 adsedisse
1426 2220 1708 2299 puellae:

134 2322 359 2378 nostra
387 2316 562 2377 bibat
595 2336 857 2377 vernum
887 2321 1211 2378 contracta
1239 2317 1521 2379 cuticula
1552 2318 1745 2379 solem

134 2414 536 2493 effugiatque
565 2418 795 2493 togam.
887 2415 1012 2476 iam
1043 2435 1217 2476 nunc
1247 2416 1312 2477 in
1346 2416 1568 2478 balnea
1596 2417 1765 2478 salva

134 2513 355 2575 fronte
384 2512 534 2574 licet
565 2514 771 2587 vadas,
806 2532 1192 2593 quamquam
1224 2514 1426 2575 solida
1452 2514 1610 2575 hora
1638 2513 1911 2591 supersit

135 2612 217 2673 ad
249 2614 513 2672 sextam.
603 2610 809 2672 facere
836 2610 956 2671 hoc
987 2630 1115 2672 non
1143 2611 1342 2691 possis
1373 2612 1659 2692 quinque
1688 2611 1911 2673 diebus

136 2707 488 2781 continuis,
525 2707 674 2786 quia
702 2711 854 2769 sunt
884 2707 1027 2791 talis
1057 2727 1309 2788 quoque
1339 2709 1548 2771 taedia
1577 2708 1743 2771 vitae

138 2824 404 2885 magna;
449 2804 809 2884 voluptates
838 2806 1243 2866 commendat
1271 2805 1471 2867 rarior
1501 2825 1674 2867 usus.

1021 3045 1311 3097 SATVRA
1357 3046 1467 3096 XII

142 3192 382 3266 Natali,
421 3192 716 3266 Corvine,
750 3191 853 3254 die
881 3192 1041 3253 mihi
1071 3193 1318 3254 dulcior
1347 3193 1500 3255 haec
1527 3194 1663 3268 lux,

144 3311 272 3369 qua
300 3291 501 3351 festus
529 3290 834 3370 promissa
863 3290 996 3352 deis
1024 3291 1325 3353 animalia
1353 3311 1603 3372 caespes

143 3391 455 3468 expectat.
546 3387 793 3449 niveam
823 3388 1076 3468 reginae
1105 3388 1402 3450 ducimus
1431 3409 1682 3468 agnam,

144 3506 259 3567 par
291 3485 489 3548 vellus
517 3486 774 3548 dabitur
803 3487 1122 3567 pugnanti
1155 3487 1448 3567 Gorgone
1480 3486 1725 3561 Maura,

145 3585 252 3646 sed
283 3585 504 3663 procul
532 3588 864 3646 extensum
893 3587 1190 3666 petulans
1220 3585 1431 3666 quatit
1459 3584 1668 3679 hqstia
1695 3586 1919 3648 funem

148 3681 415 3762 Tarpeio
445 3687 687 3744 servata
716 3683 850 3745 Iovi
882 3684 1293 3764 frontemque
1322 3687 1631 3756 coruscat,

150 3779 386 3861 quippe
413 3779 592 3842 ferox
621 3780 863 3842 vitulus
890 3780 1146 3862 templis
1176 3786 1468 3844 maturus
1495 3784 1561 3841 et
1587 3800 1730 3842 arae

2243 561 2359 622 185

2237 1051 2352 1109 190
2462 1110 2473 1121 ,

2231 1540 2345 1597 195

2225 2028 2344 2086 200

2222 2518 2340 2577 205
