2787 4328
1077 257 1090 272 '
1128 280 1398 326 SATVRA
1441 280 1519 326 v1

206 440 382 500 certe
413 453 610 498 sanus
640 452 797 494 eras.
888 450 1176 506 uxorem,
1214 431 1544 506 Postume,
1581 431 1764 493 ducis
1796 432 1824 494 Ρ

208 535 336 608 (110,
373 551 502 614 qua
532 529 909 610 Tisiphone,
946 528 1181 609 quibus
1211 527 1538 608 exagitare
1568 527 1849 590 'colubris
1878 528 1908 590 Ρ

207 632 379 693 ferre
409 633 592 711 potes
623 627 954 688 dominam
983 625 1172 687 salvis
1201 629 1304 686 tot
1332 625 1614 687 restibus
1643 626 1866 700 ullam,
1942 626 1947 630 ’

210 749 361 791 011111
390 730 661 808 pateant
690 724 858 785 altae
890 723 1369 803 caligantesque
1400 724 1745 797 fenestrae,

211 846 363 888 cum
392 824 514 886 tibi
543 822 831 885 vicinum
863 841 928 882 se
958 821 1263 901 praebeat
1293 821 1611 883 Aemilius
1639 841 1803 901 pons
1834 820 1863 884 Ρ

211 928 329 985 aut
357 922 411 984 si
442 922 520 983 de
550 920 775 981 multis
803 917 1025 980 nullus
1053 918 1268 997 placet
1298 919 1532 993 exitus,
1566 918 1733 979 illud

210 1039 429 1082 nonne
458 1023 650 1099 putas
680 1016 933 1089 melius,
971 1016 1145 1096 quod
1177 1019 1397 1077 tecum
1427 1016 1615 1096 pusio
1646 1014 1887 1078 dormit
1912 1013 1941 1078 Ρ

210 1118 400 1200 pusio
431 1116 543 1199 qui
573 1119 774 1184 noctu
805 1134 937 1175 non
968 1113 1212 1194 litigat,
1250 1113 1454 1194 exigit
1484 1134 1522 1176 a
1550 1119 1618 1176 te

211 1216 395 1278 nulla
423 1215 638 1277 iacens
668 1212 801 1273 illic
834 1211 1245 1285 munuscula,
1282 1232 1403 1273 nec
1436 1212 1733 1293 queritur
1762 1211 1938 1294 quod

214 1317 280 1376 et
306 1312 497 1375 lateri
527 1330 750 1392 parcas
779 1329 898 1371 nec
931 1313 1253 1389 quantum
1284 1308 1473 1371 iussit
1505 1310 1785 1371 anheles,

294 1411 407 1473 sed
436 1410 650 1491 placet
679 1406 941 1469 Vrsidio
967 1407 1072 1467 lex
1104 1406 1293 1480 Iulia,
1331 1407 1559 1468 tollere
1591 1407 1849 1469 dulcem

215 1509 461 1589 cogitat
490 1507 817 1578 heredem,
855 1504 1178 1566 cariturus
1210 1507 1471 1565 turture
1504 1524 1738 1584 magno

214 1607 694 1684 mullorumque
723 1601 892 1663 iubis
922 1605 988 1662 et
1018 1606 1351 1681 captatore
1382 1602 1671 1664 macello·

215 1704 374 1784 quid
403 1701 542 1764 fieri
572 1721 704 1762 non
733 1719 918 1780 posse
964 1703 1177 1778 putes,
1216 1698 1268 1760 si
1299 1699 1602 1779 iungitur
1634 1699 1769 1762 ulla

213 1800 475 1864 Vrsidio
503 1799 532 1863 Ρ
614 1798 666 1860 si
696 1796 1114 1859 moechorum
1147 1796 1525 1858 notissimus
1557 1796 1712 1857 olim

214 1899 419 1961 stulta
448 1895 730 1957 maritali
759 1894 882 1956 iam
918 1894 1194 1974 porrigit
1225 1913 1336 1955 ora
1367 1893 1669 1973 capistrO,

215 2016 409 2078 quem
439 1994 681 2055 totiens
703 1992 871 2053 texit
900 1992 1177 2072 perituri
1210 1990 1373 2053 cista
1406 1991 1628 2053 Latini
1664 1992 1692 2053 Ρ

215 2093 374 2175 quid
404 2092 579 2173 quod
607 2094 674 2152 et
703 2089 990 2171 antiquis
1023 2109 1184 2150 uxor
1215 2089 1294 2150 de
1324 2089 1611 2151 moribus
1646 2090 1741 2151 illi

216 2192 552 2273 quaeritur
579 2190 607 2252 Ρ
688 2209 726 2250 o
756 2188 1011 2262 medici,
1046 2188 1316 2249 nimiam
1345 2189 1725 2268 pertundite
1753 2209 2003 2254 venam.

215 2288 478 2351 delicias
507 2286 807 2348 hominis,
900 2286 1248 2366 Tarpeium
1278 2286 1478 2347 limen
1508 2287 1704 2348 adora

214 2406 459 2467 pronus
490 2388 554 2446 et
583 2388 879 2445 auratam
915 2383 1154 2445 Iunoni
1188 2384 1380 2445 caede
1414 2384 1778 2459 iuvencam,

217 2484 271 2546 si
302 2482 422 2544 tibi
452 2481 802 2562 contigerit
833 2480 1063 2561 capitis
1094 2486 1391 2543 matrona
1421 2482 1665 2562 pudici.

216 2600 459 2662 paucae
489 2579 648 2641 adeo
674 2578 921 2640 Cereris
951 2578 1149 2640 vittas
1180 2579 1559 2659 contingere
1591 2579 1848 2660 dignae,

218 2697 495 2759 quarum
523 2696 654 2738 non
684 2676 912 2738 timeat
943 2680 1128 2756 pater
1158 2677 1396 2738 oscula.
1487 2681 1677 2738 necte
1708 2697 2011 2739 coronam

219 2775 513 2856 postibus
544 2779 609 2836 et
641 2774 870 2835 densos
900 2793 1015 2854 per
1038 2773 1264 2835 limina
1293 2774 1491 2835 tende
1522 2775 1857 2855 corymbos
1889 2795 1905 2836 ε

221 2892 391 2932 unus
421 2870 774 2933 Hiberinae
805 2869 903 2932 vir
935 2871 1175 2931 sufficit
1207 2870 1235 2931 Ρ
1319 2871 1497 2932 ocius
1529 2871 1694 2932 illud

114 2988 121 2995 ·
221 2968 653 3050 extorquebis,
691 2971 766 3028 ut
796 2969 952 3030 haec
984 2969 1173 3029 oculo
1203 2973 1513 3029 contenta
1543 2969 1627 3030 sit
1657 2989 1806 3033 uno·

221 3086 456 3147 magna
485 3070 703 3127 tamen
732 3066 908 3127 fama
939 3070 1035 3128 est
1069 3066 1409 3127 cuiusdam
1439 3086 1588 3128 rure
1618 3071 1893 3147 paterno

220 3163 519 3225 viventis,
611 3163 787 3225 vivat
822 3163 1064 3237 Gabiis,
1103 3168 1179 3225 ut
1211 3163 1375 3225 vixit
1405 3164 1474 3225 in
1507 3184 1683 3244 agro,

222 3260 398 3322 vivat
428 3259 713 3333 Fidenis,
748 3263 814 3320 et
843 3261 1050 3340 agello
1081 3261 1239 3321 cedo
1268 3265 1558 3340 paterno,

222 3357 367 3437 quis
397 3360 615 3418 tamen
647 3358 946 3419 adfirmat
976 3358 1069 3417 nil
1100 3363 1320 3419 actum
1350 3359 1420 3419 in
1453 3359 1783 3421 montibus
1811 3364 1927 3422 aut
1955 3361 2026 3422 in

222 3453 547 3535 speluncis
579 3454 607 3515 Ρ
692 3455 851 3516 adeo
883 3460 1240 3516 senuerunt
1273 3456 1571 3536 Iuppiter
1601 3460 1667 3517 et
1699 3458 1870 3518 Mars
1901 3458 1929 3518 Ρ

302 3551 747 3631 porticibusne
777 3552 898 3614 tibi
929 3557 1329 3614 monstratur
1357 3554 1603 3615 femina
1632 3558 1783 3616 voto
1929 3539 1945 3556 ”

225 3648 422 3728 digna
450 3653 568 3711 tuo
599 3649 627 3710 Ρ
708 3650 929 3712 cuneis
959 3669 1042 3711 an
1071 3649 1313 3711 habent
1344 3651 1714 3732 spectacula
1743 3651 1900 3713 totis

224 3745 399 3821 quod
429 3764 693 3808 securus
722 3765 895 3809 ames
925 3747 1226 3829 quodque
1255 3747 1407 3810 inde
1438 3768 1776 3829 excerpere
1806 3750 2007 3830 possis
2035 3751 2063 3812 Ρ

2332 282 2404 345 31

2331 626 2412 686 30

2299 1115 2412 1174 ·35

2333 1605 2415 1664 40

2335 2097 2414 2156 45

2333 2586 2413 2642 50

2340 3074 2417 3131 55

2344 3558 2422 3616 60
