2787 4328
417 277 502 340 24
1155 277 1215 321 D.
1267 277 1460 322 IVNII
1506 277 1891 322 IVVENALIS

415 426 480 486 in
506 426 766 488 laevum
793 445 1159 500 conversus,
1193 431 1264 489 at
1291 427 1388 488 illi
1421 428 1650 488 dextra
1678 427 1931 488 iacebat

415 524 622 586 belua.
714 524 804 585 sic
834 544 1087 604 pugnas
1118 524 1338 586 Cilicis
1365 525 1675 586 laudabat
1705 528 1772 586 et
1802 524 1974 586 ictus

414 626 480 682 et
509 641 743 702 pegma
770 626 837 682 et
864 641 1097 701 pueros
1125 620 1278 684 inde
1307 623 1388 683 ad
1425 622 1658 683 velaria
1685 626 1926 702 raptos,

412 739 545 780 non
575 719 750 780 cedit
778 720 1079 794 Veiento,
1113 720 1226 781 sed
1256 725 1331 780 ut
1360 720 1690 781 fanaticus
1720 723 1933 780 oestro

413 837 775 897 percussus,
815 816 1101 890 Bellona,
1137 822 1254 879 tuo
1286 818 1536 879 divinat
1569 823 1634 878 et
1671 823 1689 849 ‘
1715 817 1945 896 ingens

414 934 602 975 omen
631 915 828 976 habes
852 914 870 941 ’
899 915 1115 996 inquit
1149 915 1403 995 ‘magui
1434 916 1719 994 clarique
1749 912 2086 993 triumphi.

414 1030 629 1091 regem
660 1012 941 1093 aliquem
972 1012 1204 1092 capies,
1239 1017 1354 1073 aut
1384 1012 1465 1073 de
1496 1016 1754 1073 temone
1788 1010 2106 1072 Britanno

414 1109 668 1170 excidet
692 1109 1065 1189 Arviragus.
1155 1110 1496 1190 peregrina
1526 1114 1625 1170 est
1653 1108 1864 1182 belua,
1899 1107 2109 1170 cernis

414 1213 658 1267 erectas
687 1206 757 1267 in
788 1211 970 1286 terga
999 1206 1189 1267 sudes
1216 1207 1245 1267 ?
1264 1206 1284 1233 '
1367 1207 1491 1268 hoc
1522 1206 1739 1267 defuit
1769 1225 1974 1267 unum

416 1303 733 1376 Fabricio,
767 1303 1047 1383 patriam
1075 1308 1152 1363 ut
1180 1304 1434 1364 rhombi
1466 1306 1855 1365 memoraret
1885 1306 1951 1363 et
1981 1322 2206 1364 annos.

419 1405 438 1431 ‘
457 1399 771 1480 quidnam
800 1400 1004 1479 igitur
1033 1419 1252 1461 censes
1279 1400 1307 1461 :³
1389 1401 1759 1462 conciditur
1785 1399 1849 1461 ?'
1924 1405 1943 1432 ‘
1967 1399 2137 1460 absit
2165 1401 2245 1461 ab
2274 1399 2390 1462 illo

414 1497 692 1559 dedecus
721 1497 845 1558 hoc
863 1496 883 1523 '
915 1497 1267 1558 Montanus
1296 1498 1390 1558 ait
1420 1518 1438 1575 ;
1486 1504 1505 1530 ‘
1530 1502 1699 1559 testa
1728 1497 1861 1558 alta
1890 1501 2176 1577 paretur,

414 1614 577 1675 quae
606 1595 792 1655 tenui
821 1614 1008 1655 muro
1038 1594 1397 1675 spatiosum
1427 1594 1692 1674 colligat
1723 1595 1963 1655 orbem.

414 1691 687 1753 debetur
708 1711 981 1772 magnus
1009 1692 1272 1771 patinae
1302 1692 1686 1772 subitusque
1719 1692 2166 1753 Prometheus,

413 1789 709 1869 argillam
737 1793 934 1869 atque
962 1794 1173 1853 rotam
1203 1789 1399 1850 citius
1427 1792 1792 1869 properate,
1827 1789 1939 1850 sed
1969 1809 2047 1851 ex
2074 1790 2198 1851 hoc

414 1890 704 1966 tempore
732 1886 883 1959 iam,
919 1886 1171 1959 Caesar,
1206 1886 1389 1966 figuli
1421 1890 1537 1947 tua
1567 1891 1776 1947 castra
1806 1886 2208 1967 sequantur.'

415 1984 573 2046 vicit
601 1984 800 2064 digna
828 1985 966 2046 viro
995 1984 1339 2046 sententia.
1431 1989 1699 2047 noverat
1729 1984 1838 2046 ille

412 2081 740 2142 luxuriam
768 2082 1002 2162 inperii
1033 2087 1316 2144 veterem
1347 2086 1699 2162 noctesque
1733 2082 2012 2144 Neronis

413 2179 541 2241 iam
573 2181 814 2241 medias
843 2181 1163 2260 aliamque
1191 2181 1454 2254 famem,
1490 2200 1639 2242 cum
1667 2181 1892 2261 pulmo
1924 2181 2198 2242 Falerno

414 2278 688 2339 arderet.
778 2277 946 2339 nulli
978 2278 1180 2338 maior
1208 2278 1342 2339 fuit
1372 2298 1527 2339 usus
1558 2278 1792 2338 edendi

414 2379 798 2455 tempestate
828 2394 970 2436 mea
994 2396 1012 2452 3
1059 2375 1297 2436 Circeis
1325 2379 1481 2436 nata
1508 2376 1726 2450 forent
1755 2395 1839 2436 an

415 2471 775 2533 Lucrinum
804 2472 887 2532 ad
916 2492 1139 2533 saxum
1174 2472 1593 2553 Rutupinove
1625 2473 1801 2533 edita
1828 2472 2041 2533 fundo

415 2575 626 2631 ostrea
654 2570 929 2631 callebat
957 2569 1167 2650 primo
1199 2570 1595 2649 deprendere
1628 2589 1868 2643 morsu,

415 2671 481 2729 et
509 2667 703 2729 semel
734 2667 979 2747 aspecti
1007 2667 1168 2728 litus
1199 2667 1457 2728 dicebat
1489 2665 1725 2728 echini.

415 2765 705 2845 surgitur
728 2768 793 2825 et
817 2764 1009 2825 misso
1038 2784 1333 2844 proceres
1369 2764 1541 2826 exire
1570 2764 1882 2840 iubentur

415 2861 706 2935 consili0‚
744 2881 904 2942 quos
935 2861 1255 2922 Albanam
1288 2862 1421 2921 dux
1452 2880 1725 2941 magnus
1754 2860 1824 2921 in
1853 2880 2067 2923 arcem

415 2963 700 3020 traxerat
729 2958 1044 3020 attonitos
1075 2963 1141 3020 et
1169 2959 1481 3020 festinare
1511 2962 1766 3020 coactos

415 3061 748 3137 tamquam
777 3056 855 3117 de
889 3056 1144 3117 Chattis
1174 3056 1422 3136 aliquid
1453 3055 1781 3135 torvisque
1813 3054 2174 3136 Sycambris

416 3154 733 3226 dicturuS,
761 3157 1094 3234 tamquam
1124 3174 1202 3216 ex
1232 3153 1500 3215 diversis
1530 3153 1824 3233 partibus
1854 3152 2026 3214 orbis

415 3251 606 3313 anxia
628 3251 969 3332 praecipiti
1001 3251 1283 3313 venisset
1317 3251 1597 3332 epistula
1627 3251 1844 3331 pinna.

416 3354 612 3430 atque
642 3349 897 3410 utinam
925 3350 1026 3410 his
1055 3349 1274 3429 potius
1303 3349 1496 3429 nugis
1527 3352 1669 3410 tota
1698 3348 1810 3409 illa
1839 3347 2121 3410 dedisset

416 3451 709 3527 tempora
739 3446 1063 3520 saevitiae,
1102 3446 1302 3507 claras
1336 3447 1571 3527 quibus
1604 3445 1875 3507 abstulit
1906 3444 2054 3506 urbi

415 3544 848 3624 inlustresque
878 3544 1122 3605 animas
1153 3545 1418 3625 impune
1449 3549 1514 3605 et
1546 3544 1798 3605 vindice
1828 3542 2031 3604 nullo.

417 3644 529 3705 sed
556 3641 750 3724 periit
778 3646 1124 3723 postquam
1154 3642 1540 3704 cerdonibus
1571 3663 1704 3705 esse
1734 3641 2064 3704 timendus

417 3742 732 3820 coeperat.
818 3738 942 3801 hoc
971 3738 1198 3801 nocuit
1228 3737 1602 3801 Lamiarum
1632 3739 1825 3802 caede
1854 3738 2163 3801 madenti.

2506 432 2630 492 120

2505 919 2628 978 125

2509 1405 2629 1463 130

2506 1892 2626 1950 135

2413 2348 2426 2360 ’
2505 2380 2628 2441 140

2504 2866 2626 2925 145

2506 3354 2628 3414 150

2766 926 2767 973 ᾼᾼᾼ
2766 836 2767 867 ΑΛ
2754 662 2768 751 -ιάμ
