2787 4328
459 285 482 331 1
492 287 580 348 04
1183 282 1249 328 D.
1299 282 1495 329 IVNII
1537 282 1922 330 IVVENALIS

439 454 588 496 mox
616 433 811 497 etiam
839 434 1062 497 fractis
1087 438 1295 497 aetate
1322 454 1396 497 ac
1426 434 1671 497 Punica
1698 435 1896 516 passis

439 532 680 614 proelia
708 533 806 595 vel
838 532 1158 613 Pyrrhum
1189 532 1512 595 inmanem
1543 533 1914 614 gladiosque
1946 533 2248 595 Molossos

440 631 699 692 tandem
726 650 843 711 pro
872 629 1094 691 multis
1125 630 1227 691 vix
1259 630 1481 711 iugera
1510 631 1660 693 bina
1687 631 2007 693 dabantur

441 728 830 801 vulneribus,
866 748 1100 790 merces
1127 727 1282 790 haec
1311 728 1644 809 sanguinis
1672 733 1866 810 atque
1893 729 2125 791 laboris

438 827 636 888 nullis
666 827 797 888 visa
826 846 1133 908 umquam
1162 826 1409 889 meritis
1437 827 1648 890 minor
1677 830 1793 890 aut
1819 827 2108 907 ingratae

440 929 623 988 curta
655 926 806 987 fides
834 925 1106 1007 patriae3
1150 926 1476 987 saturabat
1503 926 1799 1005 glaebula
1827 925 1974 987 talis

439 1027 686 1104 patrem
717 1023 927 1104 ipsum
959 1023 1342 1102 turbamque
1370 1043 1570 1099 casae,
1606 1043 1734 1105 qua
1762 1023 1898 1085 feta
1925 1022 2168 1084 iacebat

442 1140 603 1181 uxor
629 1125 695 1181 et
724 1120 1004 1182 infantes
1031 1120 1341 1182 ludebant
1371 1125 1701 1200 quattuor,
1734 1140 1905 1182 unus

439 1217 725 1289 vernula,
760 1225 888 1279 tres
915 1218 1181 1291 domini,
1216 1218 1322 1279 sed
1354 1219 1604 1298 magnis
1632 1219 1942 1280 fratribus
1969 1217 2197 1279 horum

439 1336 479 1377 a
504 1315 718 1377 scrobe
746 1315 844 1377 vel
875 1314 1050 1376 sulco
1079 1315 1495 1377 redeuntibus
1523 1315 1723 1377 altera
1751 1334 1909 1377 cena

440 1413 711 1494 amplior
737 1417 803 1475 et
829 1413 1101 1493 grandes
1128 1413 1470 1475 fumabant
1497 1403 1789 1494 pultibus
1817 1413 2006 1476 ollae:

337 1511 1003 1671 snuincfmoduslhic
1031 1511 1168 1590 agri
1200 1516 1414 1597 nostro
1443 1530 1573 1572 non
1586 1511 1838 1671 lsufficit
1867 1511 2075 1573 horto.

217 1642 330 1691 s
441 1630 506 1671 ιι]
556 1629 591 1671 e
649 1629 750 1671 ere
778 1629 878 1671 sce
905 1629 1083 1670 erum
1116 1629 1361 1684 causae,
1396 1629 1514 1671 nec
1541 1631 1585 1691 p
1613 1630 1729 1671 ura
1758 1628 2000 1671 venena

440 1706 699 1768 miscuit
726 1711 840 1768 aut
867 1706 1037 1768 ferro
1066 1711 1386 1786 grassatur
1415 1706 1664 1787 saepius
1694 1707 1903 1767 ullum

441 1805 757 1866 humanae
784 1803 1018 1866 mentis
1048 1804 1276 1866 vitium
1309 1824 1501 1885 quam
1530 1825 1710 1867 saeva
1737 1804 1971 1885 cupido

441 1900 744 1964 inmodici
774 1921 1019 1964 census.
1106 1922 1255 1963 nam
1285 1902 1461 1964 dives
1491 1902 1601 1983 qui
1632 1902 1766 1964 fieri
1798 1902 1958 1977 vult,

443 2004 510 2061 et
537 1999 663 2062 cito
692 2000 834 2062 vult
862 2000 1027 2076 fieri;
1073 2000 1181 2061 sed
1214 2020 1373 2082 quae
1403 1999 1758 2062 reverentia
1784 2000 2024 2079 legum,

443 2097 586 2179 quis
615 2102 821 2159 metus
849 2101 962 2159 aut
989 2097 1197 2179 pudor
1224 2101 1319 2159 est
1348 2118 1655 2179 umquam
1686 2097 2088 2180 properantis
2114 2099 2338 2160 avari?

448 2196 465 2225 ‘
488 2196 681 2258 vivite
709 2196 994 2259 contenti
1024 2195 1251 2258 casulis
1277 2201 1344 2258 et
1372 2196 1640 2258 collibus
1667 2195 1827 2270 istis,

443 2315 480 2356 o
509 2295 689 2375 pueri
713 2295 730 2322 ⁹
765 2293 1012 2356 Marsus
1040 2294 1287 2356 dicebat
1315 2299 1381 2356 et
1411 2294 1730 2356 Hernicus
1757 2294 1910 2356 olim

446 2393 873 2472 Vestinusque
904 2412 1094 2453 senex
1128 2391 1145 2420 ‘
1167 2412 1396 2473 panem
1428 2412 1806 2474 quaeramus
1834 2397 2065 2468 aratro,

446 2490 556 2570 qui
585 2490 736 2551 satis
763 2493 857 2551 est
887 2490 1148 2566 mensis3
1192 2490 1461 2552 laudant
1489 2491 1610 2553 hoc
1637 2490 1909 2553 numina
1937 2490 2123 2566 ruris,

446 2608 717 2668 quorum
747 2607 866 2667 ope
895 2590 960 2649 et
987 2607 1063 2649 au
1074 2586 1227 2649 xilio
1254 2591 1471 2668 gratae
1499 2592 1645 2668 post
1672 2608 1908 2650 munus
1936 2589 2163 2651 aristae

445 2685 836 2765 contingunt
862 2684 1108 2747 homini
1136 2685 1368 2747 veteris
1398 2685 1656 2748 fastidia
1688 2705 1976 2766 quercus.
2036 2709 2041 2712 *

445 2783 538 2843 nil
569 2783 842 2844 vetitum
871 2782 1090 2844 fecisse
1118 2783 1288 2844 volet
1318 2803 1510 2863 quem
1539 2803 1668 2846 non
1700 2784 1903 2864 pudet
1929 2785 2059 2846 alto

445 2901 558 2962 per
585 2879 848 2961 glaciem
879 2900 1114 2961 perone
1143 2880 1295 2962 tegi,
1331 2881 1440 2962 qui
1472 2886 1831 2944 summovet
1858 2902 2042 2944 euros

446 2978 716 3060 pellibus
745 2978 1038 3040 inversis:
1082 2978 1416 3060 peregrina
1443 2979 1790 3060 ignotaque
1821 2981 2002 3043 nobis

446 3077 525 3139 ad
556 3076 755 3138 scelus
784 3081 974 3156 atque
1003 3077 1202 3149 nefas,
1238 3096 1676 3158 quaecumque
1705 3081 1821 3152 est,
1857 3098 2144 3159 purpura
2171 3078 2405 3141 ducit-⁹

446 3175 601 3236 haec
629 3173 725 3236 illi
754 3178 995 3236 veteres
1023 3178 1357 3255 praecepta
1386 3174 1763 3251 minoribus,
1798 3180 1866 3238 at
1894 3196 2068 3238 nunc

446 3276 590 3353 post
622 3273 812 3334 finem
843 3271 1135 3334 autumni
1170 3271 1379 3334 media
1409 3273 1488 3334 de
1515 3276 1702 3335 nocte
1731 3273 2036 3354 supinum

446 3371 757 3433 clamosus
784 3370 1077 3432 iuvenem
1107 3374 1288 3451 pater
1315 3371 1583 3432 excitat:
1620 3371 1637 3400 ‘
1659 3371 1873 3453 accipe
1901 3391 2093 3446 ceras,

447 3468 670 3544 scribe,
703 3488 886 3550 puer,
919 3467 1135 3548 vigila,
1169 3488 1386 3530 causas
1413 3488 1550 3548 age,
1583 3469 1837 3550 perlege
1865 3470 2087 3531 rubras

448 3566 760 3629 maiorum
790 3567 978 3646 leges.
1068 3570 1181 3627 aut
1208 3566 1405 3628 vitem
1434 3586 1619 3647 posce
1649 3567 1887 3641 libello,

448 3665 556 3727 sed
585 3668 780 3745 caput
808 3663 1125 3725 intactum
1154 3664 1325 3725 buxo
1355 3660 1670 3743 naresque
1697 3665 1926 3746 pilosas

448 3762 712 3824 adnotet
738 3765 803 3824 et
830 3761 1102 3841 grandes
1128 3760 1401 3823 miretur
1430 3761 1684 3823 Laelius
1711 3762 1869 3840 alas;

2540 834 2677 891 165

2534 1320 2672 1382 170

2536 1808 2664 1871 1¹75

2536 2302 2660 2362 180

2534 2792 2652 2852 185

2537 3281 2654 3341 190

2541 3770 2650 3833 195
