2787 4328
341 281 426 342 80
1071 291 1135 336 D.
1186 290 1318 338 IVN
1323 290 1382 335 11
1426 290 1810 337 IVVENALIS

337 463 454 507 nec
495 445 962 525 praetextatum
991 442 1205 523 rapuit
1233 442 1407 505 Nero
1434 441 1781 522 loripedem
1812 461 1928 505 nec

336 545 722 604 strumosum
750 544 941 620 atque
971 542 1152 602 utero
1179 541 1420 620 pariter
1446 540 1762 621 gibboque
1789 544 2166 604 tumentem.

337 640 358 701 i
389 659 562 700 nunc
588 642 654 700 et
683 637 928 699 iuvenis
957 638 1162 717 specie
1192 638 1424 701 laetare
1453 638 1574 712 tui,
1609 657 1799 718 quem

336 737 575 798 maiora
600 738 939 815 expectant
966 735 1351 798 discrimina.
1444 737 1555 798 fiet
1582 735 1833 798 adulter

335 834 650 916 publicus,
683 841 750 895 et
777 853 1010 913 poenas
1038 834 1272 896 metuit
1300 853 1731 914 quascumque
1754 833 1967 901 mariti

335 932 482 994 irati
511 932 720 1005 debet,
752 951 870 993 nec
898 931 1022 993 erit
1048 931 1295 993 felicior
1322 937 1492 994 astro

337 1030 583 1104 Martis,
619 1038 693 1090 ut
722 1028 791 1090 in
818 1029 1077 1109 laqueos
1106 1049 1458 1110 numquam
1487 1029 1750 1092 incidat.
1840 1029 2041 1110 exigit
2067 1035 2284 1092 autem

336 1128 659 1190 interdum
690 1127 797 1188 ille
825 1127 1004 1189 dolor
1032 1128 1178 1207 plus
1208 1147 1398 1207 quam
1435 1128 1536 1189 lex
1566 1128 1698 1190 ulla
1724 1128 1930 1191 dolori

334 1226 668 1300 concessit3
712 1229 899 1287 necat
927 1224 1032 1285 hic
1059 1220 1252 1299 serm,
1285 1230 1453 1287 secat
1482 1225 1591 1287 ille
1618 1225 1899 1288 cruentis

334 1323 716 1396 verberibus,
750 1323 1055 1402 quosdam
1085 1323 1377 1384 moechos
1405 1327 1470 1385 et
1497 1322 1759 1402 mugilis
1787 1322 2009 1386 intrat.

334 1422 442 1483 sed
472 1423 623 1481 tuus
651 1420 1313 1499 Endymiondilectae
1335 1422 1446 1482 fiet
1474 1420 1726 1482 adulter

334 1521 681 1579 matronae.
767 1537 915 1578 mox
943 1537 1091 1579 cum
1119 1517 1368 1580 dederit
1398 1517 1664 1580 Servilia
1689 1538 2010 1594 nummos,

333 1616 445 1678 fiet
471 1619 536 1677 et
564 1615 738 1676 illius
767 1635 959 1695 quam
989 1635 1118 1677 non
1146 1618 1339 1689 amat,
1373 1619 1565 1677 exuet
1591 1635 1845 1679 omnem

333 1712 612 1794 corporis
640 1717 967 1788 ornatum;
1013 1713 1167 1792 quid
1198 1713 1370 1774 enim
1402 1712 1535 1774 ulla
1561 1714 1888 1792 negaverit
1915 1713 2062 1777 udis

332 1810 728 1890 inguinibus,
763 1810 892 1871 sive
919 1815 1015 1872 est
1043 1809 1195 1872 haec
1226 1810 1436 1891 Oppia
1464 1810 1592 1872 sive
1623 1810 1927 1872 Catulla?
1960 1874 1987 1891 κ

332 1908 607 1970 deterior
634 1911 801 1969 totos
830 1908 1020 1969 habet
1048 1907 1179 1969 illic
1206 1907 1452 1969 femina
1480 1928 1702 1971 mores.
1994 1894 2001 1925 ³

338 2006 356 2035 ‘
377 2006 483 2067 sed
515 2009 685 2066 casto
714 2005 870 2085 quid
899 2005 1106 2066 forma
1134 2008 1321 2066 nocet
1339 2007 1369 2065 Ῥ
1390 2006 1410 2033 ’
1444 2005 1595 2086 quid
1630 2006 1878 2086 profuit
1905 2006 2104 2069 immo

334 2103 689 2184 Hippolyto
718 2122 904 2182 grave
935 2102 1351 2184 propositum,
1387 2103 1545 2183 quid
1575 2103 2102 2185 Bellerophonti?

332 2202 589 2266 erubuit
617 2221 846 2280 nempe
873 2201 1028 2262 haec
1045 2221 1171 2283 xceu
1200 2200 1492 2263 fastidita
1522 2202 1792 2307 repulsa,

333 2320 450 2363 nec
480 2299 873 2362 Stheneboea
899 2298 1114 2360 minus
1142 2319 1329 2379 quam
1366 2299 1589 2361 Cressa
1616 2300 1981 2375 excanduit,
2013 2304 2080 2362 et
2106 2320 2171 2363 se

333 2417 698 2460 concussere
727 2397 962 2458 ambae.
1054 2397 1286 2459 mulier
1315 2397 1675 2459 saevissima
1702 2401 1859 2461 tunc
1887 2403 2004 2472 est,

333 2516 481 2559 cum
510 2495 802 2557 stimulos
827 2495 972 2556 odio
1001 2495 1209 2575 pudor
1234 2495 1549 2557 admovet.
1640 2495 1802 2575 elige
1832 2495 2140 2576 quidnam

334 2593 727 2655 suadendum
759 2612 890 2654 esse
918 2597 1107 2672 putes
1133 2592 1238 2653 cui
1266 2593 1506 2654 nubere
1543 2593 1824 2655 Caesaris
1850 2612 2012 2655 uxor

334 2691 650 2753 destinat·
723 2690 1003 2770 optimus
1031 2689 1136 2752 hic
1164 2694 1229 2751 et
1257 2690 1754 2753 formosissimus
1782 2689 1952 2753 idem

335 2788 542 2869 gentis
569 2787 869 2868 patriciae
897 2787 1146 2868 rapitur
1171 2787 1362 2849 miser
1388 2788 1863 2868 extinguendus

336 2885 705 2947 Messalinae
733 2885 960 2960 oculis3
1005 2885 1253 2947 dudum
1282 2886 1459 2947 sedet
1485 2885 1597 2947 illa
1624 2889 1844 2966 parato

334 2984 687 3045 flammeolo
717 2983 1069 3064 Tyriusque
1097 2983 1309 3064 palam
1338 2983 1606 3063 genialis
1633 2984 1702 3045 in
1731 2983 1938 3047 hortis

335 3080 644 3144 sternitur
670 3084 735 3142 et
764 3080 894 3141 ritu
924 3081 1128 3143 decies
1157 3084 1428 3143 centena
1456 3082 1784 3144 dabuntur

334 3179 619 3259 antiquo,
652 3178 864 3240 veniet
891 3198 1033 3239 cum
1067 3179 1491 3258 signatoribus
1518 3199 1780 3259 auspex.

333 3277 488 3338 haec
517 3280 590 3337 tu
620 3279 856 3338 secreta
882 3280 949 3337 et
975 3277 1192 3354 paucis
1220 3277 1552 3338 commissa
1579 3278 1847 3357 putabas
1865 3279 1896 3338 ⁸?

335 3396 464 3436 non
495 3374 612 3434 nisi
643 3373 926 3453 legitime
956 3374 1095 3434 vult
1124 3374 1379 3435 nubere.
1473 3374 1627 3453 quid
1656 3375 1900 3454 placeat
1928 3375 2059 3437 dic:

336 3472 404 3534 ni
435 3491 651 3553 parere
682 3471 856 3545 velis,
890 3473 1288 3551 pereundum
1318 3471 1439 3533 erit
1467 3475 1617 3533 ante
1644 3471 1962 3548 lucernas;

336 3571 383 3632 si
416 3571 617 3632 scelus
644 3569 963 3643 admittaS,
998 3569 1256 3631 dabitur
1282 3589 1460 3631 mora
1486 3569 1770 3648 parvula,
1805 3569 1962 3631 dum
1991 3590 2089 3633 res

338 3672 488 3729 nota
517 3666 656 3728 urbi
688 3670 752 3728 et
779 3668 1016 3747 populo
1045 3667 1375 3746 contingat
1403 3666 1712 3747 principis
1738 3687 1977 3730 aurem.

227 3774 236 3783 ‘
335 3766 608 3829 dedecus
636 3764 745 3826 ille
774 3765 1001 3826 domus
1028 3764 1182 3827 sciet
1208 3764 1507 3840 ultimus3
1553 3764 1794 3827 interea
1820 3767 1895 3826 tu

2417 644 2553 705 310

2415 1134 2548 1194 315

2300 1644 2307 1693 ζ
2413 1623 2541 1682 320

2415 2111 2532 2171 325

2416 2600 2533 2660 330

2415 3088 2529 3148 335

2416 3578 2530 3637 340

2758 2073 2768 2254 ᾼᾉᾼ
2762 1986 2768 2029 —
2766 1818 2767 1915 Αᾉ
2744 1736 2768 1788 --
