2787 4328
1013 299 1280 346 SATVRA
1324 301 1403 344 IX

62 457 139 514 et
171 452 357 514 male
391 469 714 531 percussas
744 449 1009 512 textoris
1037 449 1291 531 pectine
1323 450 1491 513 Galli

35 596 36 599 ,
64 549 474 630 accipimus,
510 550 703 610 tenue
732 550 1070 629 argentum
1099 567 1421 629 venaeque
1449 552 1783 614 secundae.

37 650 220 710 *fata
251 648 501 727 regunt
529 645 842 720 homines,
877 646 1086 708 fatum
1117 650 1211 708 est
1240 650 1305 708 et
1334 647 1625 727 partibus
1652 650 1782 711 illis

73 767 245 826 quas
278 745 464 808 sinus
492 743 842 805 abscondit.
935 764 1082 805 nam
1113 744 1164 805 si
1194 744 1312 806 tibi
1345 745 1551 808 sidera
1578 751 1843 822 cessant,

73 846 180 905 nil
212 845 420 906 faciet
448 842 623 922 longi
655 861 950 903 mensura
977 841 1309 922 incognita
1337 844 1538 919 nervi,

76 942 394 1023 quamvis
422 945 485 1003 te
514 941 762 1001 nudum
794 940 1120 1019 spumanti
1152 940 1343 1002 Virro
1372 940 1602 1004 labello

73 1040 334 1102 viderit
362 1043 428 1101 et
457 1039 724 1100 blandae
754 1037 973 1113 ειᾶείᾶιι
983 1058 1053 1093 e
1084 1039 1439 1119 densaeque
1471 1041 1736 1105 tabellae

67 1138 667 1211 sollicitenb,a1’1ros·
695 1140 803 1216 γὰρ
834 1122 995 1232 ἐφε..
1023 1162 1130 1195 (ναι
1158 1136 1326 1215 ἄνδρα
1355 1138 1602 1201 κίναιδος·

69 1230 270 1317 quod
302 1240 518 1298 tamen
550 1236 817 1297 ulterius
847 1240 1206 1298 monstrum
1239 1257 1430 1317 quam
1460 1240 1670 1302 mollis
1699 1258 1923 1301 avarus
1942 1243 1973 1301 P

47 1340 103 1431 5‘
116 1335 325 1397 ‘haec
355 1334 577 1409 tribui,
611 1334 843 1396 deinde
875 1334 984 1396 illa
1015 1335 1183 1409 dedi,
1219 1356 1365 1397 mox
1395 1336 1581 1417 plura
1611 1337 1886 1399 tulisti''

74 1435 434 1512 computat
462 1435 527 1493 et
553 1435 752 1494 cevet.
840 1434 1118 1511 ponatur
1154 1432 1456 1507 calculus,
1490 1434 1703 1496 adsint

79 1549 245 1593 cum
278 1529 496 1590 tabula
523 1529 734 1609 pueri3
780 1549 1046 1590 numera
1076 1516 1360 1592 sestertia
1392 1531 1675 1611 quinque

81 1627 397 1689 omnibus
423 1626 494 1687 in
523 1626 731 1700 rebus,
766 1629 1188 1688 numerentur
1216 1627 1447 1688 deinde
1476 1628 1739 1690 labores.

82 1745 178 1786 an
206 1724 399 1786 facile
428 1727 494 1786 et
520 1743 796 1805 pronum
827 1726 921 1785 est
951 1743 1133 1803 agere
1165 1724 1335 1786 intra
1366 1724 1604 1787 viscera
1632 1746 1863 1806 penem

40 1820 463 1932 lclegitimum
492 1825 683 1900 atque
713 1820 844 1881 illic
873 1821 1203 1885 hesternae
1234 1842 1562 1885 occurrere
1591 1843 1781 1885 cenae
1801 1826 1831 1884 Ῥ

85 1940 315 1987 servus
343 1919 464 1981 erit
492 1919 706 1980 minus
735 1917 843 1979 ille
873 1919 1063 1980 miser
1092 1920 1199 1999 qui
1233 1920 1473 1981 foderit
1507 1940 1755 2001 agrum,

90 2037 294 2097 quam
323 2015 687 2090 dominum3
734 2015 840 2076 sed
872 2018 945 2075 tu
976 2035 1124 2077 sane
1155 2019 1449 2078 tenerum
1480 2020 1547 2078 et
1575 2038 1846 2098 puerum
1874 2021 1940 2080 te

93 2119 162 2178 et
190 2113 536 2197 pulchrum
565 2117 629 2176 et
657 2113 928 2193 dignum
960 2113 1187 2194 cyatho
1217 2115 1513 2196 caeloque
1541 2116 1828 2198 putabas.

95 2222 208 2275 vos
237 2211 467 2273 humili
499 2211 845 2285 adseculae,
880 2230 989 2273 vos
1019 2212 1433 2292 indulgebitis
1460 2234 1766 2294 umquam

79 2309 353 2384 cultori,
388 2309 514 2371 iam
546 2329 661 2371 nec
691 2309 910 2371 morbo
940 2309 1175 2372 donare
1203 2310 1407 2421 parati
1428 2313 1458 2371 Ῥ

100 2429 180 2471 en
209 2407 315 2470 cui
343 2410 417 2468 tu
446 2407 715 2469 viridem
745 2406 1111 2481 umbellam,
1138 2408 1242 2469 cui
1274 2408 1494 2470 sucina
1523 2409 1741 2471 mittas

101 2506 387 2592 grandia,
419 2504 649 2567 natalis
679 2504 973 2584 quotiens
1002 2505 1170 2566 redit
1199 2508 1311 2567 aut
1343 2506 1672 2567 madidum
1701 2526 1812 2569 ver

102 2597 330 2684 incipit
358 2607 423 2664 et
452 2605 647 2664 strata
676 2601 921 2683 positus
948 2602 1263 2683 longaque
1294 2603 1596 2665 cathedra

103 2717 365 2770 munera
390 2699 683 2763 femineis
713 2703 944 2761 tractat
972 2702 1208 2761 secreta
1236 2700 1544 2762 kalendis.

69 2797 228 2910 Ἀβία,
264 2817 487 2879 passer,
522 2797 624 2859 cui
654 2800 753 2859 tot
781 2797 1038 2871 montiS,
1074 2799 1172 2858 tot
1200 2797 1461 2878 praedia
1490 2818 1696 2860 servas

105 2897 335 2978 Apula,
369 2899 465 2957 tot
493 2895 717 2957 milvos
744 2894 917 2956 intra
946 2896 1059 2957 tua
1087 2914 1318 2976 pascua
1346 2895 1539 2957 lassos
1557 2897 1587 2956 Ῥ

103 2998 169 3056 te
200 2993 549 3055 Trifolinus
576 3012 725 3072 ager
753 2992 1048 3054 fecundis
1077 2992 1313 3054 vitibus
1349 2992 1576 3073 implet

105 3096 587 3173 suspectumque
615 3090 842 3170 iugum
874 3089 1093 3152 Cumis
1122 3093 1185 3152 et
1217 3091 1513 3152 Gaurus
1495 3091 1788 3153 manis-

37 3205 38 3210 ’
106 3207 255 3253 nam
284 3189 420 3270 quis
448 3188 634 3269 plura
660 3187 811 3249 linit
843 3188 1088 3250 victuro
1118 3189 1285 3250 dolia
1314 3193 1527 3251 musto
1549 3192 1657 3250 ‘1'—

83 3291 414 3390 anantnm
442 3289 579 3347 erat
607 3285 897 3347 exhausti
926 3286 1176 3348 lumbos
1205 3287 1440 3349 donare
1470 3287 1721 3349 clientis

83 3336 422 3465 &iugeribus
453 3383 717 3464 paucis?
801 3383 1111 3446 meliusne
1138 3384 1244 3446 hic
1276 3385 1549 3446 rusticus
1580 3384 1794 3446 infans

116 3504 254 3545 cum
282 3484 477 3543 matre
505 3485 570 3542 et
598 3481 826 3543 casulis
855 3485 920 3543 et
948 3483 1275 3544 conlusore
1305 3483 1531 3544 catello

118 3582 385 3662 cymbala
413 3579 725 3661 pulsantis
751 3580 1034 3660 legatum
1064 3580 1173 3641 fiet
1202 3579 1387 3641 amici
1410 3582 1440 3640 Ῥ

124 3678 497 3760 “improbus
527 3697 592 3738 es
620 3698 767 3739 cum
795 3677 999 3757 poscis
1021 3678 1065 3708 ’³
1098 3677 1206 3739 ait.
1300 3678 1409 3739 sed
1440 3676 1660 3758 pensio
1689 3678 1923 3740 clamat

105 3776 166 3806 '“
187 3776 431 3865 posce,’'
465 3775 571 3840 sed
601 3775 880 3861 appellat
908 3795 1066 3856 puer
1096 3773 1323 3837 unicus
1351 3778 1428 3836 ut
1459 3775 1835 3855 Polyphemi

55 2355 95 2416 15

2233 459 2313 520 30

2231 951 2308 1010 35

2227 1440 2306 1499 40

2225 1928 2304 1987 45

2224 2416 2302 2474 50

2221 2903 2298 2961 55

2218 3392 2294 3450 60
