2787 4328
453 265 538 330 68
1189 280 1252 323 D.
1302 280 1498 325 lvml
1540 279 1925 327 IVVENALIS

453 432 584 494 lata
609 432 772 494 acies
799 451 912 513 per
940 451 1132 512 quam
1161 430 1379 492 sollers
1406 430 1604 492 evasit
1630 431 1880 507 Vlixes3

452 529 613 590 alter
638 529 946 590 emendus
972 528 1115 602 erit,
1151 547 1426 608 namque
1452 527 1559 589 hic
1587 547 1719 589 non
1746 529 2001 604 sufficit,
2034 531 2221 592 ambo

453 627 773 708 pascendi.
861 627 1016 706 quid
1044 646 1228 705 agam
1260 626 1483 687 bruma
1512 626 1794 707 spirante
1814 629 1844 687 *ἓ
1928 628 2104 708 quid,
2138 648 2270 702 oro,

455 725 611 806 quid
639 724 846 785 dicam
876 725 1150 805 scapulis
1177 744 1521 806 puerorum
1551 725 1849 803 aquilone
1877 725 2198 787 decembri

453 828 520 885 et
546 823 817 904 pedibus
835 824 866 882 ἲ
952 822 994 850 “
1016 823 1242 883 durate
1269 826 1461 902 atque
1489 826 1819 902 expectate
1847 822 2205 885 cicadas?''

455 940 676 982 verum
704 924 781 980 ut
808 919 1183 992 dissimules,
1217 925 1293 980 ut
1322 919 1542 980 mittas
1570 924 1799 993 cetera,
1834 933 2078 1000 quanto

457 1019 700 1080 metiris
726 1018 953 1099 pretio,
987 1017 1150 1097 quod
1184 1017 1254 1077 ni
1285 1016 1401 1077 tibi
1430 1017 1686 1078 deditus
1713 1038 1910 1080 essem

458 1118 850 1195 devotusque
879 1115 1095 1187 clienS,
1131 1134 1291 1176 uxor
1318 1119 1433 1175 tua
1460 1115 1640 1194 virgo
1668 1118 2003 1177 maneret?

457 1215 577 1277 scis
603 1219 772 1275 certe
800 1213 1031 1294 quibus
1058 1213 1179 1273 ista
1206 1212 1431 1284 modis,
1467 1232 1659 1292 quam
1688 1233 1870 1294 saepe
1900 1213 2137 1293 rogaris

456 1316 523 1374 et
550 1331 709 1393 quae
736 1311 1081 1392 pollicitus.
1170 1310 1525 1389 fugientem
1556 1330 1738 1391 saepe
1765 1312 2047 1392 puellam

397 1482 404 1493 ἑ
457 1409 756 1491 amplexu
785 1408 999 1490 rapui3
1047 1408 1290 1476 tabulas
1317 1427 1569 1488 quoque
1598 1412 1857 1489 ruperat
1883 1412 1950 1470 et
1977 1408 2105 1470 iam

459 1507 770 1588 signabat,
807 1510 939 1567 tota
965 1507 1073 1567 vix
1099 1505 1220 1566 hoc
1248 1524 1365 1584 ego
1392 1512 1579 1566 nocte
1609 1506 1846 1568 redemi

461 1610 524 1666 te
551 1605 841 1686 plorante
867 1603 1051 1678 foris3
1095 1602 1274 1664 testis
1302 1602 1461 1663 mihi
1495 1602 1765 1664 lectulus
1794 1608 1861 1665 et
1889 1608 1985 1677 tu,

361 1732 394 1751 ·÷
458 1704 539 1765 ad
571 1723 760 1783 quem
783 1701 1077 1783 pervenit
1105 1700 1251 1762 lecti
1281 1720 1474 1761 sonus
1501 1704 1567 1762 et
1596 1701 1888 1762 dominae
1921 1721 2061 1763 vox.

461 1800 754 1862 instabile
781 1820 853 1861 ac
882 1798 1100 1860 dirimi
1129 1802 1423 1879 coeptum
1455 1803 1522 1860 et
1550 1798 1676 1859 iam
1706 1819 1905 1879 paene
1934 1799 2215 1861 solutum

460 1898 830 1977 coniugium
859 1897 927 1956 in
957 1896 1180 1957 multis
1207 1895 1501 1957 domibus
1529 1896 1800 1957 servavit
1828 1897 2098 1958 adulter.

462 2015 588 2076 quo
616 1997 679 2057 te
708 1994 1097 2073 circumagas
1116 1996 1145 2053 ?
1228 2013 1386 2073 quae
1415 1993 1622 2074 prima
1649 1997 1763 2055 aut
1791 1994 2022 2055 ultima
2052 2014 2245 2074 ponas
2264 1996 2294 2054 Ῥ

461 2092 716 2154 nullum
746 2111 894 2172 ergo
922 2090 1225 2151 meritum
1253 2093 1369 2163 est,
1405 2090 1652 2170 ingrate
1680 2111 1753 2152 ac
1783 2092 2041 2172 perfide,
2075 2091 2353 2164 nullum,

462 2191 633 2272 quod
663 2190 782 2250 tibi
812 2189 1043 2250 filiolus
1071 2190 1170 2250 vel
1201 2189 1332 2251 filia
1359 2187 1645 2249 nascitur
1672 2209 1748 2250 ex
1779 2209 1880 2250 me
1899 2191 1930 2249 ἲ

464 2288 636 2350 tollis
663 2287 836 2349 enim
864 2289 929 2347 et
957 2286 1133 2347 libris
1161 2289 1450 2347 actorum
1480 2306 1771 2366 spargere
1801 2287 2037 2366 gaudes

461 2388 838 2465 argumenta
866 2383 1007 2445 viri.
1093 2383 1337 2444 foribus
1366 2385 1680 2463 suspende
1708 2403 1997 2446 coronas:

413 2484 588 2546 r—iam
617 2486 797 2564 pater
824 2502 910 2554 es,
943 2481 1233 2542 dedimus
1252 2482 1434 2561 'quod
1462 2481 1669 2543 famae
1698 2502 2015 2562 opponere
2043 2481 2262 2563 possis.

421 2583 602 2652 *jura
629 2579 910 2661 parentis
936 2579 1146 2653 habes,
1182 2583 1442 2660 propter
1469 2600 1571 2641 me
1599 2580 1890 2642 scriberis
1917 2580 2118 2654 heres,

461 2680 742 2759 legatum
773 2697 958 2738 omne
986 2677 1159 2757 capis
1187 2697 1302 2739 nec
1331 2697 1461 2739 non
1490 2681 1555 2738 et
1584 2677 1768 2739 dulce
1797 2678 2131 2740 caducum.

462 2775 791 2838 commoda
818 2778 1138 2856 praeterea
1166 2775 1517 2854 iungentur
1545 2775 1750 2836 multa
1778 2776 2051 2850 caducis,

461 2874 515 2936 si
544 2892 905 2946 numerum,
939 2872 991 2933 si
1020 2874 1146 2933 tres
1173 2872 1569 2953 implevero.’
1656 2873 1823 2934 iusta
1851 2873 2107 2946 doloris,

463 2971 763 3045 Naevole,
797 2990 982 3032 causa
1010 2969 1136 3045 tui3
1182 2973 1403 3031 contra
1432 2973 1647 3031 tamen
1676 2970 1783 3032 ille
1813 2970 1963 3051 quid
1998 2971 2209 3033 adfert
2228 2973 2259 3031 ⁴?

549 3069 565 3097 ‘
588 3067 869 3148 neglegit
897 3070 1088 3147 atque
1117 3067 1314 3127 alium
1343 3066 1637 3146 bipedem
1667 3067 1787 3128 sibi
1818 3067 2065 3147 quaerit
2092 3067 2378 3129 asellum.
2435 3113 2439 3116 -

463 3167 616 3228 baec
645 3165 759 3227 soli
790 3164 1119 3226 commissa
1147 3164 1265 3225 tibi
1294 3164 1495 3225 celare
1524 3168 1865 3244 mementO,

409 3267 528 3340 set
557 3263 789 3325 tacitus
816 3265 1061 3323 nostras
1088 3261 1260 3322 intra
1289 3264 1351 3322 te
1382 3262 1504 3341 fige
1534 3262 1864 3342 querellas.

465 3383 614 3424 nam
644 3381 739 3422 res
766 3359 1095 3421 mortifera
1123 3362 1217 3420 est
1244 3359 1543 3420 inimicus
1572 3359 1825 3438 pumice
1852 3359 2037 3435 levis3

465 3459 574 3540 qui
604 3459 792 3519 modo
822 3462 1130 3519 secretum
1161 3457 1612 3530 commisserat,
1649 3457 1830 3518 ardet
1857 3461 1923 3518 et
1951 3457 2109 3531 odit,

464 3563 790 3638 tamquam
819 3557 1206 3638 prodiderim
1237 3556 1553 3637 quidquid
1584 3555 1732 3617 scio,
1821 3575 2065 3616 sumere
2093 3556 2361 3628 ferrum,

463 3658 634 3719 fuste
661 3655 902 3736 aperire
930 3658 1144 3737 caput,
1179 3654 1507 3716 candelam
1536 3654 1851 3733 adponere
1881 3652 2076 3715 valvis

466 3773 592 3818 non
623 3752 897 3817 dubitat.
986 3773 1101 3814 nec
1129 3756 1498 3814 contemnas
1524 3755 1638 3813 aut
1666 3749 1974 3831 despicias
2005 3750 2174 3831 quod

2593 3367 2667 3426 95
2712 3391 2755 3456 -j
