2787 4328
471 295 558 362 70
1206 290 1267 335 n.
1321 290 1516 338 1vm1
1558 287 1945 336 1vvmums

557 444 576 473 ‘
595 443 751 505 haee
778 441 1067 522 exempla
1094 459 1247 522 para
1274 439 1587 502 felicibus.
1677 441 1747 501 at
1773 458 1915 500 mea
1944 437 2178 500 Clotho
2509 515 2519 528 .
2576 443 2725 504 135

473 547 540 604 et
569 538 862 603 Lachesis
889 540 1149 619 gaudet,
1182 537 1236 600 si
1263 537 1548 619 pasoitur
1576 536 1843 618 inguine
1871 540 2110 598 venter.
2774 586 2775 593 ,

473 661 512 703 o
539 638 716 721 parvi
748 636 1075 717 nostrique
1109 636 1318 709 Lares,
1355 655 1515 715 quos
1545 640 1688 698 ture
1716 634 1973 697 minuto
2774 648 2775 693 ι

473 742 587 802 aut
613 738 783 799 farre
811 739 878 797 et
907 733 1087 797 tenui
1116 734 1284 796 soleo
1312 753 1569 795 exorare
1597 754 1850 807 corona,
2774 702 2775 789 i

475 835 731 916 quando
756 854 875 914 ego
905 834 1094 914 figam
1123 832 1389 912 aliquid,
1426 852 1553 912 quo
1581 831 1665 893 sit
1692 831 1855 893 mihi
1884 835 2028 893 tuta
2055 832 2344 893 senectus
2774 898 2775 921 χ

475 953 512 996 a
542 938 746 1013 tegete
775 936 842 993 et
867 930 1140 992 baculo?
1226 929 1461 1009 viginti
1489 929 1670 992 milia
1697 930 1925 991 faenus
2572 931 2718 991 140
2774 996 2775 1003 χ

475 1030 844 1113 pigneribus
870 1027 1116 1110 positis,
1152 1027 1402 1107 argenti
1433 1028 1685 1090 vascula
1712 1026 1882 1108 puri,

476 1129 584 1190 sed
614 1147 773 1208 quae
803 1127 1132 1189 Fabricius
1162 1146 1382 1188 censor
1413 1129 1615 1200 notet,
1647 1129 1713 1187 et
1740 1126 1870 1186 duo
1897 1124 2097 1187 fortes

476 1228 557 1288 de
583 1244 775 1306 grege
807 1225 1185 1298 Moesorum,
1222 1224 1332 1304 qui
1364 1244 1468 1285 me
1497 1223 1736 1286 cervice
1763 1223 1968 1285 locata

478 1343 768 1386 securum
797 1322 1059 1384 iubeant
1089 1322 1364 1384 clamoso
1395 1321 1687 1383 insistere
1714 1320 1911 1396 ciroo;

478 1420 563 1483 sit
588 1420 749 1482 mihi
778 1423 1099 1499 praeterea
1126 1440 1359 1482 curvus
1386 1420 1683 1493 caelator,
1715 1421 1781 1480 et
1809 1418 1972 1480 alter
2257 1492 2261 1497 .
2572 1419 2708 1480 145

480 1519 591 1600 qui
620 1518 854 1579 multas
881 1517 1076 1580 facies
1103 1517 1321 1599 pingit
1348 1518 1506 1593 cito;
1552 1516 1880 1578 sufficiunt
1907 1515 2080 1578 haec.

303 1616 322 1663 ·'
391 1624 442 1665 «ἡ
480 1616 735 1696 quando
762 1635 880 1696 ego
909 1636 1151 1697 pauper
1177 1636 1285 1678 ero
1302 1617 1333 1676 ’ἓ
1416 1619 1638 1678 votum
1668 1612 2042 1701 miseijabile,
2074 1632 2193 1674 nec
2221 1631 2362 1693 spes
2490 1666 2501 1673 ,

478 1713 581 1775 his
621 1713 876 1789 saltem3
922 1734 1071 1776 nam
1100 1733 1248 1775 oum
1277 1733 1393 1794 pro
1422 1732 1525 1774 me
1555 1712 1844 1774 Fortuna
1872 1716 2154 1790 rogatur,

479 1810 705 1872 adfixit
738 1831 911 1873 ceras
939 1811 1051 1872 illa
1077 1812 1158 1873 de
1186 1830 1346 1873 nave
1373 1809 1629 1891 petitas,

397 1904 428 1957 s
481 1928 641 1989 quae
671 1907 917 1970 Siculos
943 1911 1169 1971 cantus
1197 1908 1426 1988 effugit
1455 1907 1694 1988 remige
1722 1907 1936 1968 surdo.
2487 1893 2490 1896 ⁴
2569 1908 2702 1968 150
