2787 4328
1080 242 1346 288 SATVRA
1391 240 1532 287 XIII

175 413 384 456 nunc
410 398 583 456 aetas
609 393 825 476 agitur
850 394 1190 476 peioraque
1217 394 1470 487 saecula
1495 392 1650 456 ferri

175 458 624 572 temporibus,
660 512 934 572 quorum
963 491 1184 554 sceleri
1214 512 1345 553 non
1373 490 1623 552 invenit
1651 489 1790 572 ipsa

176 609 443 651 nomen
471 593 537 652 et
564 610 601 651 a
629 590 809 651 nullo
835 589 1052 671 posuit
1081 593 1312 651 natura
1339 589 1617 650 meta110.

181 707 321 749 nos
348 687 687 749 hominum
717 688 1064 768 divumque
1081 689 1287 787 fidem
1316 688 1589 749 clamore
1617 687 1876 762 ciemus,

183 790 448 866 quanto
478 786 840 848 Faesidium
868 787 1090 848 laudat
1118 776 1350 849 vocalis
1377 789 1672 867 agentem

183 883 490 964 sportula
509 886 539 944 1³
619 884 745 959 dic,
780 884 988 946 senior
1016 885 1193 946 bulla
1220 884 1613 964 dignissime,
1647 884 1848 945 nescis

188 1000 361 1061 quas
389 982 619 1044 habeat
647 1002 904 1046 veneres
930 983 1137 1045 aliena
1164 982 1437 1064 pecunia
1455 984 1484 1042 ’Β
1571 981 1770 1043 nescis

188 1098 395 1159 quem
425 1083 539 1142 tua
566 1080 939 1161 simplicitas
968 1082 1163 1143 risum
1198 1082 1386 1161 vulgo
1416 1083 1684 1154 moveat,
1719 1098 1866 1140 cum

189 1176 407 1258 exigis
434 1198 472 1240 a
502 1198 823 1258 quoquam
853 1199 932 1241 ne
960 1179 1199 1259 peieret
1226 1184 1290 1241 et
1318 1182 1510 1259 putet
1538 1178 1688 1238 ullis

187 1294 332 1336 esse
358 1275 619 1355 aliquod
650 1296 890 1338 numen
919 1277 1175 1357 templis
1201 1296 1471 1356 araeque
1502 1270 1809 1337 rubenti?

191 1374 527 1452 quondam
556 1373 677 1435 hoc
707 1374 1042 1454 indigenae
1072 1373 1370 1437 vivebant
1402 1393 1594 1447 more,
1628 1372 2000 1454 priusquam

190 1474 480 1532 sumeret
506 1475 817 1551 agrestem
847 1472 1052 1553 posito
1080 1471 1438 1534 diademate
1467 1471 1697 1533 falcem

194 1567 520 1630 Saturnus
546 1570 823 1650 fugiens,
858 1573 1015 1631 tunc
1042 1590 1192 1631 cum
1222 1568 1603 1650 virguncula
1631 1568 1796 1628 Iuno

194 1668 267 1727 et
295 1665 588 1746 privatus
614 1667 826 1729 adhuc
856 1667 1062 1730 Idaeis
1092 1668 1387 1748 Iuppiter
1416 1666 1639 1741 antris,

195 1764 383 1825 nulla
412 1784 601 1845 super
628 1765 827 1826 nubes
854 1764 1145 1827 convivia
1172 1765 1612 1827 caelicolarum

193 1881 318 1924 nec
346 1881 507 1942 puer
536 1862 767 1937 Iliacus
794 1864 1119 1925 formonsa
1149 1883 1263 1925 1166
1294 1861 1593 1925 Herculis
1621 1880 1782 1923 uxor

193 1960 281 2021 ad
310 1956 590 2045 Qathosss
624 1961 817 2022 etiam
846 1961 1077 2022 siccato
1106 1966 1359 2022 nectare
1392 1963 1643 2040 tergens

191 2057 493 2119 bracchia
520 2057 850 2120 Vulcanus
881 2059 1184 2139 Liparaea
1211 2058 1396 2138 nigra
1425 2058 1705 2132 taberna,

193 2156 553 2237 prandebat
580 2153 699 2218 sibi
730 2156 996 2237 quisque
1023 2156 1200 2231 deus',
1235 2176 1351 2219 nec
1379 2156 1570 2218 turba
1597 2149 1859 2218 deorum

193 2254 345 2315 talis
372 2256 447 2314 ut
474 2257 572 2315 est
598 2253 807 2325 hodie,
842 2258 1265 2334 contentaque
1293 2255 1498 2316 sidera
1524 2254 1743 2335 paucis

195 2351 574 2413 numinibus
601 2351 903 2413 miserum
933 2354 1295 2432 urguebant
1323 2352 1594 2414 Atlanta
1622 2352 1856 2414 minori

193 2450 500 2531 pondere,
534 2451 825 2511 nondum
854 2434 1085 2530 alic'suis
1113 2451 1377 2512 sortitus
1406 2451 1590 2511 triste
1619 2450 1928 2530 profundi

196 2546 543 2628 imperium
571 2551 687 2610 aut
715 2547 927 2609 Sicula
955 2551 1173 2610 torvus
1202 2569 1349 2609 cum
1379 2548 1649 2627 coniuge
1680 2547 1941 2621 Pluton,

196 2664 314 2706 nec
340 2648 480 2706 rota
510 2664 625 2706 nec
654 2644 885 2707 Furiae
913 2665 1030 2707 nec
1058 2665 1280 2706 saxum
1311 2650 1426 2706 aut
1455 2644 1733 2706 vulturis
1761 2643 1885 2705 atri

196 2762 420 2823 poena,
456 2743 564 2804 sed
594 2742 867 2804 infernis
895 2743 1125 2805 hilares
1154 2743 1288 2804 sine
1318 2727 1573 2823 regibus
1602 2743 1885 2804 umbrae.

195 2839 549 2920 inprobitas
577 2839 689 2901 illo
716 2840 849 2900 fuit
876 2839 1267 2902 admirabilis
1294 2860 1468 2914 aeVO,

196 2937 535 2999 credebant
564 2956 692 3017 quo
719 2939 957 3017 grande
988 2938 1167 2999 nefas
1195 2941 1259 2999 et
1287 2941 1491 2999 morte
1519 2937 1831 3017 piandum

195 3034 248 3095 si
277 3034 525 3096 iuvenis
552 3034 769 3096 vetulo
795 3055 928 3097 non
955 3035 1403 3098 adsurrexerat
1431 3038 1497 3096 et
1525 3034 1577 3096 si
1646 3041 1663 3054 ⁴

194 3132 455 3194 barbato
483 3131 866 3212 cuicumque
893 3152 1077 3213 puer,
1112 3133 1262 3194 licet
1290 3132 1423 3213 ipse
1452 3134 1696 3196 videret

196 3230 382 3310 plura
410 3229 583 3290 domi
612 3230 795 3309 fraga
821 3235 887 3291 et
915 3231 1183 3293 maiores
1210 3231 1464 3310 glandis
1491 3252 1772 3309 acervos3

1852 582 1885 611 7

197 3331 327 3389 tam
360 3327 710 3389 venerabile
739 3332 876 3390 erat
903 3329 1273 3409 praecedere
1306 3333 1612 3409 quattuor
1639 3330 1845 3406 annis,

196 3428 527 3507 primaque
555 3446 672 3506 par
699 3427 853 3489 adeo
882 3447 1090 3489 sacrae
1116 3428 1355 3509 lanugo
1385 3432 1691 3491 senectae.

198 3544 370 3585 nunc
398 3524 450 3585 si
479 3521 841 3605 depositum
870 3546 1001 3587 non
1021 3524 1348 3588 'infitietur
1375 3527 1639 3600 amicus,

198 3622 249 3685 si
278 3622 505 3684 reddat
533 3625 807 3685 veterem
838 3643 985 3686 cum
1017 3627 1153 3686 tota
1179 3624 1482 3704 aerugine
1512 3625 1753 3699 follem,

198 3719 557 3801 prodigiosa
584 3720 743 3782 fides
771 3724 838 3783 et
867 3720 1093 3783 Tuscis
1121 3721 1317 3802 digna
1343 3721 1577 3783 libellis

2328 248 2411 318 93

2331 595 2410 655 30

2327 1085 2407 1164 35

2322 2064 2401 2123 45

2321 2555 2399 2613 50

2318 3043 2395 3101 55

2319 3531 2396 3588 60
