2787 4328
1082 283 1352 330 SATVRA
1399 284 1506 329 XII

173 436 251 495 et
284 433 479 496 cadat
506 437 657 496 ante
686 434 877 497 Lares
906 434 1209 497 Gallittae
1243 435 1502 498 victima
1528 436 1667 523 sola·

173 532 396 593 tantis
423 531 622 611 digna
650 532 784 594 deis
812 536 878 594 et
905 533 1337 613 captatoribus
1363 532 1619 595 horum.

172 630 357 691 alter
386 629 581 702 enirn,
617 630 665 690 si
697 631 1021 705 concedas,
1057 635 1333 693 mactare
1361 631 1616 694 vovebit

175 728 265 789 de
298 744 491 808 grege
521 746 848 788 servorum
879 748 1109 808 magna
1138 732 1252 789 aut
1279 729 1712 809 pulcherrima
1742 748 2027 809 quaeque

174 845 477 906 corpora,
513 826 608 886 vel
639 826 863 905 pueris
884 831 950 888 et
976 826 1300 888 frontibus
1329 827 1706 889 ancillarum

176 922 462 1003 inponet
491 923 699 996 vittas,
736 927 801 984 et
829 924 1008 1004 siqua
1038 928 1133 986 est
1164 924 1403 985 nubilis
1433 925 1529 985 illi

178 1019 534 1100 Iphigenia
561 1021 758 1094 domi,
793 1022 971 1082 dabit
998 1022 1165 1083 hanc
1193 1023 1522 1096 altaribus,
1556 1022 1674 1084 etsi

178 1137 322 1179 non
352 1121 566 1199 sperat
594 1119 870 1199 tragicae
898 1119 1143 1181 furtiva
1170 1119 1423 1201 piacula
1452 1140 1691 1182 cervae.

178 1215 385 1277 laudo
414 1235 628 1277 meum
659 1217 883 1292 civem,
917 1236 1037 1279 nec
1066 1237 1361 1307 comparo
1390 1222 1770 1281 testamento

178 1311 366 1374 mille
396 1317 589 1389 rates3
632 1334 785 1375 nam
814 1314 866 1375 si
897 1314 1245 1376 Libitinam
1275 1318 1543 1378 evaserit
1570 1335 1777 1395 aeger,

178 1410 427 1472 delebit
459 1411 706 1473 tabulas
735 1412 1021 1474 inclusus
1049 1432 1295 1475 carcere
1322 1433 1539 1500 nassae

178 1511 332 1589 post
362 1508 665 1570 meritum
695 1530 844 1572 sane
873 1509 1240 1571 mirandum
1269 1492 1463 1590 atq‘ue
1493 1511 1706 1573 omnia
1733 1510 1848 1573 soli

179 1592 405 1668 forsan
436 1606 713 1669 Pacuvio
745 1607 1018 1670 breviter
1045 1608 1245 1683 dabit,
1280 1609 1388 1670 ille
1419 1610 1727 1689 superbus

180 1704 443 1766 incedet
475 1704 655 1767 victis
686 1705 1009 1768 rivalibus.
1099 1726 1249 1786 ergo
1281 1707 1454 1768 vides
1483 1726 1675 1793 quam

180 1803 429 1882 grande
461 1823 684 1883 operae
713 1804 997 1885 pretium
1027 1805 1223 1866 faciat
1251 1804 1545 1884 iugulata
1576 1803 1881 1885 Mycenis.

182 1899 362 1962 vivat
392 1901 708 1963 Pacuvius
737 1922 965 1982 quaeso
994 1902 1094 1964 vel
1124 1903 1396 1963 Nestora
1425 1905 1657 1976 totum,

187 1997 504 2079 possideat
534 1992 847 2079 quantum
880 1999 1094 2079 rapuit
1123 2000 1315 2073 Nero,
1350 2000 1677 2061 montibus
1704 2019 1933 2061 aurum

181 2103 516 2179 exaequet,
552 2118 668 2160 nec
689 2101 865 2184 ²amet
894 2118 1278 2179 quemquam
1310 2118 1425 2160 nec
1454 2102 1704 2159 ametur
1731 2098 1809 2159 ab
1840 2099 1990 2161 ullo.

2283 635 2395 695 115

2278 1123 2393 1182 120

2276 1612 2390 1673 125
2440 1649 2449 1657 ·

2272 2102 2388 2163 130
