2787 4328
1041 366 1047 372 Α
1164 299 1431 346 SATVRA
1476 300 1521 346 x
2363 300 2440 371 75

316 450 631 512 bellorum
659 451 940 525 exuviae,
974 450 1221 514 truncis
1248 453 1458 514 adfixa
1486 451 1762 533 tropaeis

228 547 429 610 lorica
456 552 522 610 et
549 549 753 610 fracta
781 550 860 610 de
891 549 1127 611 casside
1157 551 1427 612 buccula
1455 552 1740 631 pendens

227 649 298 707 et
325 650 586 707 curtum
616 651 867 710 temone
897 647 1121 727 iugum
1154 648 1481 729 victaeque
1516 649 1790 712 triremis
2327 653 2443 714 135

226 745 515 826 aplustre
544 748 609 807 et
636 766 885 807 summo
914 746 1116 807 tristis
1145 748 1436 827 captivus
1464 748 1530 809 in
1562 768 1711 810 arcu
2382 757 2397 773 ’

226 842 534 904 humanis
561 843 799 905 maiora
827 843 1006 905 bonis
1035 846 1408 906 creduntur.
1493 846 1574 907 ad
1603 845 1724 906 hoc
1751 865 1817 907 se

228 941 560 1003 Romanus
591 941 943 1022 Graiusque
972 945 1039 1003 et
1065 942 1368 1005 barbarus
1401 944 1815 1024 induperator

228 1038 454 1112 erexit,
490 1059 705 1101 causas
734 1039 1120 1102 discriminis
1149 1046 1340 1122 atque
1370 1035 1602 1103 laboris

229 1135 383 1197 inde
413 1136 667 1214 habuit3
713 1141 893 1200 tanto
924 1139 1123 1201 maior
1151 1140 1357 1201 famae
1386 1139 1525 1201 sitis
1553 1143 1648 1201 est
1677 1159 1868 1219 quam
2206 1200 2211 1205 ,
2324 1141 2440 1203 140

228 1234 509 1296 virtutis.
572 1234 743 1315 [quis
770 1236 944 1298 enim
973 1237 1279 1299 virtutem
1311 1237 1723 1318 amplectitur
1751 1237 1975 1317 ipsam,

226 1332 512 1413 praemia
540 1332 592 1394 si
622 1334 808 1395 tollas
827 1325 895 1410 ?]
938 1335 1211 1415 patriam
1245 1339 1457 1397 tamen
1490 1334 1704 1397 obruit
1732 1333 1885 1396 olim

226 1430 431 1509 gloria
459 1450 808 1511 paucorum
836 1435 901 1493 et
928 1432 1136 1494 laudis
1164 1433 1469 1513 titulique
1497 1432 1732 1513 cupido

226 1527 483 1589 haesuri
512 1528 676 1590 saxis
703 1528 990 1591 cinerum
1018 1531 1409 1605 custodibus,
1442 1531 1522 1592 ad
1553 1550 1712 1611 quae

225 1625 630 1688 discutienda
656 1627 872 1689 valent
899 1629 1130 1690 sterilis
1158 1629 1323 1690 mala
1353 1630 1577 1691 robora
1609 1628 1731 1702 fici,
2319 1632 2435 1692 145

228 1723 751 1826 quandoquidem
780 1725 930 1787 data
957 1734 1109 1787 sunt
1137 1726 1290 1806 ipsis
1319 1745 1573 1807 quoque
1600 1726 1737 1787 fata
1765 1726 2091 1806 sepulcris.

223 1796 514 1902 expende
543 1822 1003 1885 Hannibalem:
1048 1827 1205 1903 quot
1233 1824 1470 1886 libras
1452 1844 1521 1885 1n
1551 1825 1712 1885 duce
1743 1843 1991 1885 summo

225 1917 512 1980 invenies
532 1921 562 1979 Ῥ
641 1918 748 1980 hic
776 1926 892 1993 est,
927 1940 1115 2000 quem
1144 1941 1274 1982 non
1305 1921 1479 2002 capit
1507 1920 1730 1982 Africa
1760 1920 1986 1983 Mauro

224 2036 523 2098 percussa
553 2036 786 2079 oceano
814 2017 1092 2099 Niloque
1120 2020 1376 2081 admota
1405 2019 1650 2100 tepenti

225 2133 447 2177 rursus
475 2115 555 2177 ad
584 2115 978 2197 Aethiopum
1008 2118 1275 2198 populos
1302 2116 1583 2199 aliosque
1613 2117 1986 2199 elephantos
2003 2118 2034 2179 ‘t‘
2315 2121 2432 2181 150

224 2213 491 2275 additur
518 2214 801 2295 imperiis
829 2214 1164 2296 Hispania,
1201 2217 1597 2297 Pyrenaeum

225 2312 529 2374 transilit.
618 2313 916 2394 opposuit
944 2317 1173 2376 natura
1203 2314 1562 2395 Alpemque
1592 2315 1966 2401 nivemque:

226 2409 479 2471 diducit
506 2411 793 2491 scopulos
820 2415 886 2473 et
913 2415 1196 2473 montem
1226 2412 1473 2492 rumpit
1500 2416 1703 2474 aceto·

227 2507 354 2569 iam
383 2510 559 2569 tenet
588 2507 864 2582 Italiam,
899 2511 1114 2570 tamen
1144 2509 1314 2571 ultra
1341 2530 1601 2590 pergere
1630 2509 1860 2600 tendit.

230 2605 248 2634 ‘
268 2608 484 2667 actum
506 2606 524 2634 '
556 2605 773 2685 inquit
805 2605 822 2634 ‘
843 2606 1008 2667 nihil
1036 2611 1152 2680 est,
1187 2607 1309 2668 nisi
1341 2607 1557 2669 Poeno
1585 2607 1789 2669 milite
1817 2610 2032 2687 portas
2312 2610 2428 2670 155

224 2701 587 2782 frangimus
615 2707 682 2764 et
709 2703 918 2764 media
944 2704 1248 2765 vexillum
1277 2724 1448 2784 pono
1479 2704 1779 2766 Subura.’

225 2820 263 2862 o
293 2800 497 2880 qualis
524 2799 717 2862 facies
745 2803 809 2863 et
839 2795 1015 2881 quali
1040 2799 1236 2880 digna
1267 2801 1518 2875 tabella,

224 2917 372 2959 cum
404 2897 673 2959 Gaetula
700 2899 927 2960 ducem
958 2903 1238 2978 portaret
1266 2899 1456 2959 belua
1481 2899 1755 2960 luscum.

224 2995 432 3056 exitus
458 3015 607 3075 ergo
637 2996 778 3075 quis
806 2997 901 3057 est
920 2997 949 3055 Ῥ
1032 3015 1069 3058 o
1096 2996 1319 3076 gloria,
1355 2995 1635 3057 vincitur
1663 2996 1833 3058 idem

223 3112 451 3172 nempe
480 3097 546 3153 et
574 3093 643 3153 in
672 3092 934 3154 exilium
964 3112 1259 3174 praeceps
1287 3093 1462 3172 fugit
1490 3097 1681 3174 atque
1710 3093 1797 3154 ibi
1830 3113 2098 3173 magnus
2309 3097 2428 3158 160

224 3190 675 3269 mirandusque
705 3190 901 3251 cliens
929 3191 1104 3252 sedet
1132 3192 1209 3252 ad
1240 3191 1557 3271 praetoria
1587 3190 1770 3271 regis,

223 3288 422 3349 donec
455 3287 735 3367 Bithyno
764 3288 959 3350 libeat
986 3288 1246 3368 vigilare
1276 3292 1572 3369 tyranno.
2092 3327 2277 3349 -.......

224 3386 432 3464 finem
445 3385 692 3447 animae
722 3405 881 3465 quae
910 3406 1007 3448 res
1034 3387 1346 3448 humanas
1376 3386 1632 3448 miscuit
1661 3387 1833 3460 olim,

222 3503 352 3545 non
380 3483 598 3562 gladii,
634 3499 764 3545 non
794 3503 941 3546 saxa
970 3484 1216 3545 dabunt
1244 3504 1360 3545 nec
1391 3485 1538 3559 tela,
1575 3484 1679 3546 sed
1711 3483 1818 3546 ille

226 3581 589 3643 Cannarum
618 3581 850 3643 vindex
879 3585 944 3643 et
973 3579 1140 3642 tanti
1170 3582 1498 3661 sanguinis
1525 3582 1699 3644 ultor
2307 3587 2423 3646 165

221 3679 471 3742 anulus.
559 3678 582 3740 i
612 3679 870 3742 demens
898 3683 962 3742 et
991 3698 1201 3741 saevas
1230 3700 1413 3742 curre
1441 3699 1554 3760 per
1583 3679 1799 3760 Alpes,

223 3779 296 3839 ut
323 3777 536 3858 pueris
564 3777 808 3857 placeas
834 3781 900 3840 et
928 3777 1306 3839 declamatio
1336 3777 1470 3838 fias.
