2787 4328
1084 279 1351 327 SATVRA
1395 282 1455 327 11

155 430 270 493 ille
299 431 726 513 supercilium
755 431 1014 494 madida
1042 432 1321 514 fuligine
1351 432 1640 494 tinctum

158 530 427 610 obliqua
457 529 762 610 producit
791 549 910 591 acu
940 530 1283 611 pingitque
1322 532 1663 593 trementis

156 628 472 690 attollens
503 629 723 689 oculos
753 648 771 704 ;
814 628 1021 689 vitreo
1054 627 1220 689 bibit
1254 628 1360 689 ille
1395 629 1621 710 priapo

154 726 645 807 reticulumque
675 726 874 788 comis
906 731 1208 788 auratum
1242 727 1623 807 ingentibus
1654 728 1883 809 implet

159 827 460 888 caerulea
489 825 762 887 indutus
792 826 1119 887 scutulata
1149 831 1264 888 aut
1295 827 1556 908 galbina
1584 847 1726 889 rasa

159 929 228 986 et
259 944 376 1004 per
405 924 726 985 Iunonem
757 924 1003 985 domini
1037 925 1294 986 iurante
1328 925 1629 987 ministro
1658 946 1676 1001 3

161 1021 272 1082 ille
304 1026 485 1083 tenet
515 1022 873 1103 speculum,
908 1022 1155 1102 pathici
1186 1027 1520 1103 gestamen
1553 1020 1851 1096 Othonia,

162 1119 425 1181 Actoris
456 1119 747 1180 Aurunci
775 1120 1075 1199 spolium,
1110 1139 1239 1200 quo
1269 1139 1335 1182 se
1364 1120 1473 1181 ille
1502 1120 1762 1181 videbat

161 1221 488 1278 armatum
520 1237 670 1278 cum
698 1217 826 1278 iam
856 1218 1001 1279 tolli
1047 1219 1280 1280 vexilla
1309 1218 1643 1279 iuberet—

158 1334 264 1376 res
293 1316 708 1377 memoranda
736 1316 919 1377 novis
949 1316 1290 1377 annalibus
1318 1320 1514 1395 atque
1556 1313 1802 1376 recenti

162 1412 458 1487 historia,
493 1414 830 1494 speculum
861 1413 1069 1476 civilis
1115 1414 1364 1475 sarcina
1393 1412 1567 1474 belli.

161 1510 477 1571 nimirum
508 1511 743 1572 summi
775 1511 957 1572 ducis
982 1515 1080 1572 est
1113 1511 1407 1572 occidere
1440 1510 1712 1571 Galbam

162 1610 231 1669 et
262 1627 487 1669 curare
518 1612 758 1682 cutem,
793 1608 1028 1670 summi
1053 1608 1428 1669 constantia
1457 1607 1614 1669 civis

164 1705 495 1767 Bebriacis
526 1705 769 1786 campis
801 1706 1082 1786 spolium
1112 1705 1443 1767 adfectare
1477 1704 1685 1766 Palati

164 1806 232 1864 et
262 1822 555 1883 pressum
584 1802 655 1864 in
681 1803 849 1865 facie
879 1803 1104 1884 digitis
1134 1804 1482 1864 extendere
1512 1822 1770 1883 panem,

164 1899 344 1980 quod
372 1919 492 1962 nec
520 1900 590 1961 in
620 1901 882 1981 Assyrio
911 1900 1289 1981 pharetrata
1320 1900 1691 1962 Samiramis
1722 1899 1896 1975 orbe,

163 2000 409 2059 maesta
435 2017 558 2059 nec
588 1998 856 2060 Actiaca
884 1997 1045 2060 fecit
1073 1998 1417 2079 Cleopatra
1447 1997 1765 2059 carina—.

161 2095 272 2157 hic
302 2096 526 2157 nullus
555 2089 764 2158 ve'rbis
794 2097 1005 2178 pudor
1034 2100 1149 2157 aut
1179 2095 1541 2157 reverentia
1571 2115 1851 2172 mensae,

161 2194 274 2256 hic
302 2195 516 2275 turpis
549 2193 816 2275 Cybeles
846 2198 916 2278 et
942 2195 1153 2256 fracta
1181 2214 1337 2256 voce
1365 2193 1678 2275 loquendi

160 2293 432 2354 libertas
461 2296 528 2353 et
558 2292 734 2353 crine
764 2312 957 2353 senex
985 2291 1314 2353 fanaticus
1344 2291 1491 2353 albo

165 2409 496 2451 sacrorum
525 2389 817 2463 antistes,
851 2409 1070 2450 rarum
1099 2409 1172 2450 ac
1204 2388 1617 2449 memorabile
1649 2388 1870 2469 magni

164 2487 457 2568 gutturis
488 2482 855 2567 exemplum
885 2486 1479 2566 conducendusque
1510 2485 1837 2565 magister.

166 2585 328 2666 quid
358 2589 580 2646 tamen
612 2588 981 2664 expectant,
1020 2584 1304 2664 Phrygio
1336 2603 1496 2664 quos
1528 2586 1787 2664 tempus
1817 2589 1955 2646 erat
1984 2585 2113 2647 iam

166 2702 344 2743 more
375 2701 842 2762 supervacuam
874 2681 1103 2742 cultris
1133 2682 1516 2762 abrumpere
1548 2701 1807 2742 carnem
1839 2681 1867 2742 Ρ

166 2779 648 2860 quadringenta
677 2779 858 2840 dedit
890 2778 1222 2840 Gracchus
1253 2779 1550 2840 sestertia
1581 2779 1800 2840 dotem

167 2877 506 2951 comicini,
542 2876 674 2938 sive
703 2875 809 2937 hic
839 2880 1018 2938 recto
1051 2880 1428 2938 cantaverat
1458 2896 1601 2938 aere
1630 2897 1648 2952 3

167 2975 459 3055 signatae
488 2975 770 3049 tabulae,
807 2974 1058 3035 dictum
1093 2974 1461 3048 ‘feliciter,’
1490 2974 1717 3054 ingens

168 3093 327 3134 cena
356 3073 557 3147 sedet,
591 3071 837 3153 gremio
867 3071 1068 3133 iacuit
1099 3092 1264 3134 nova
1289 3080 1500 3152 nupta
1528 3072 1765 3134 mariti.

168 3191 206 3233 0
235 3190 552 3252 proceres,
586 3189 850 3231 censore
880 3189 1041 3250 opus
1071 3173 1169 3230 est
1199 3190 1280 3231 an
1312 3169 1654 3250 haruspice
1682 3169 1868 3232 nobis
1900 3168 1930 3233 ἲ

167 3268 416 3331 scilicet
444 3268 737 3329 horreres
769 3267 1136 3347 maioraque
1167 3271 1458 3328 monstra
1487 3272 1771 3348 putareS‚

165 3367 219 3429 si
249 3365 483 3427 mulier
511 3365 795 3428 vitulum
823 3362 925 3426 vel
956 3364 1008 3425 si
1038 3365 1152 3427 bos
1182 3365 1403 3427 ederet
1432 3365 1727 3446 agnum?

164 3468 501 3546 segmenta
529 3468 595 3525 et
623 3463 852 3543 longos
881 3461 1144 3524 habitus
1175 3467 1240 3524 et
1270 3463 1564 3525 flammea
1593 3462 1815 3537 sumit,

163 3582 400 3625 arcano
431 3561 543 3643 qui
573 3581 752 3623 sacra
781 3561 996 3622 ferens
1024 3561 1329 3622 nutantia
1357 3562 1495 3623 loro

164 3659 426 3722 sudavit
456 3658 703 3740 clupeis
733 3657 1072 3720 ancilibus.
1164 3678 1201 3720 0
1231 3663 1417 3739 pater
1445 3658 1645 3732 urbia,

164 3757 342 3819 unde
370 3756 556 3817 nefas
584 3758 849 3818 tantum
879 3754 1083 3817 Latiis
1112 3755 1478 3837 pastoribus
1511 3755 1539 3817 Ρ
1619 3754 1794 3816 unde

2291 629 2368 688 95

2251 1118 2370 1176 100

2252 1607 2369 1668 105

2252 2101 2372 2161 110

2253 2591 2370 2649 115

2255 3079 2372 3136 120

2254 3514 2385 3624 125.
