2787 4328
337 254 421 317 30
1061 255 1125 299 D.
1175 255 1367 303 IVNII
1412 254 1793 302 IVVENALIS

1026 813 1298 882 LIBER
1349 816 1815 881 SECVNDVS

1206 1009 1509 1064 SATVRA
1553 1011 1633 1062 VI

322 1175 530 1237 Credo
561 1172 955 1236 Pudicitiam
986 1173 1268 1236 Saturno
1299 1194 1448 1255 rege
1473 1181 1791 1238 moratam

319 1272 389 1333 in
418 1272 607 1333 terris
636 1272 965 1351 visamque
996 1271 1131 1345 diu,
1167 1291 1318 1333 cum
1347 1272 1589 1353 frigida
1618 1293 1846 1353 parvas

318 1371 653 1450 praeberet
682 1369 989 1449 spelunca
1018 1368 1241 1430 domos
1270 1370 1618 1450 ignemque
1649 1371 2009 1452 Laremque

320 1473 385 1529 et
414 1488 611 1548 pecus
641 1471 707 1528 et
736 1466 1031 1528 dominos
1061 1467 1390 1528 communi
1423 1468 1755 1530 clauderet
1787 1470 2036 1542 umbra,

319 1566 680 1628 silvestrem
708 1568 1018 1625 montana
1046 1569 1265 1625 torum
1296 1585 1446 1626 cum
1478 1568 1795 1627 sterneret
1827 1586 1989 1627 uxor

319 1663 660 1724 frondibus
690 1666 756 1723 et
780 1662 995 1725 culmo
1023 1662 1514 1743 vicinarumque
1545 1664 1832 1725 ferarum

318 1761 616 1841 pellibus,
650 1761 814 1822 haut
843 1760 1069 1845 similis
1099 1760 1243 1834 tibi,
1282 1761 1585 1840 Cynthia,
1621 1781 1740 1822 nec
1771 1761 1915 1835 tibi,
1951 1759 2137 1822 cuius

317 1858 610 1919 turbavit
639 1858 883 1919 nitidos
914 1857 1243 1918 extinctus
1277 1878 1494 1938 passer
1526 1859 1783 1933 oce1108‚

319 1955 431 2016 sed
459 1955 747 2035 potanda
775 1956 990 2016 ferens
1021 1954 1385 2017 infantibus
1420 1956 1617 2016 ubera
1646 1956 1898 2036 magnis

319 2059 385 2115 et
414 2074 600 2134 saepe
629 2054 951 2115 horridior
979 2054 1281 2130 glandem
1311 2059 1614 2115 ructante
1645 2054 1900 2116 marito.

319 2153 559 2234 quippe
589 2151 776 2213 aliter
804 2155 963 2213 tunc
994 2152 1145 2213 orbe
1173 2172 1341 2213 novo
1371 2152 1674 2233 caeloque
1704 2152 1950 2214 recenti

318 2251 622 2312 vivebant
650 2249 966 2322 homines,
1002 2249 1113 2329 qui
1146 2253 1342 2328 rupto
1373 2250 1602 2310 robore
1633 2250 1773 2311 nati

319 2347 739 2428 compositive
766 2347 910 2407 luto
939 2346 1153 2407 nullos
1182 2346 1468 2408 habuere
1497 2352 1819 2428 parentes.

319 2446 526 2506 multa
557 2444 918 2505 Pudicitiae
949 2443 1183 2505 veteris
1213 2445 1488 2524 vestigia
1517 2444 1738 2505 forsan

318 2546 432 2604 aut
460 2542 676 2623 aliqua
704 2541 1074 2603 exstiterint
1104 2545 1170 2601 et
1200 2542 1320 2602 sub
1352 2542 1526 2615 Iove,
1562 2542 1671 2603 sed
1705 2542 1858 2604 Iove
1888 2543 2185 2604 nondum

317 2640 605 2714 barbato,
639 2640 930 2700 nondum
962 2637 1221 2699 Graecis
1251 2638 1464 2700 iurare
1494 2639 1742 2718 paratis

318 2757 431 2818 per
461 2740 657 2818 caput
687 2737 974 2811 alteriUS,
1010 2755 1159 2797 cum
1188 2736 1403 2797 furem
1433 2756 1624 2797 nemo
1657 2736 1920 2798 timeret

318 2835 609 2897 caulibus
639 2838 705 2894 et
733 2833 963 2914 pomis,
999 2837 1065 2894 et
1094 2837 1318 2913 aperto
1350 2834 1597 2895 viveret
1630 2833 1842 2895 horto.

316 2932 632 3012 paulatim
663 2931 896 2992 deinde
925 2931 1007 2993 ad
1036 2951 1299 3012 superos
1331 2932 1603 2992 Astraea
1631 2932 1894 2993 recessit
1967 2946 1971 2950 ’

316 3028 436 3089 hac
466 3028 723 3102 comite,
759 3033 954 3109 atque
985 3028 1148 3089 duae
1178 3028 1423 3108 pariter
1453 3030 1680 3109 sugere
1711 3048 1976 3091 sorores.

317 3126 605 3188 anticum
637 3129 703 3187 et
731 3130 918 3187 vetus
948 3129 1046 3187 est
1073 3126 1379 3200 alienum,
1421 3117 1765 3200 PostumeJ
1785 3125 2031 3187 lectum

318 3227 662 3285 concutere
692 3227 887 3304 atque
917 3223 1079 3284 sacri
1109 3224 1374 3304 genium
1409 3216 2069 3285 contem‘nere'fulcri.

317 3341 506 3384 omne
537 3321 714 3383 aliud
744 3321 988 3382 crimen
1017 3340 1166 3381 mox
1194 3321 1405 3382 ferrea
1434 3321 1711 3402 protulit
1740 3324 1914 3382 aetas
1946 3341 1960 3381 z

316 3419 622 3481 viderunt
650 3419 891 3500 primos
921 3423 1226 3499 argentea
1255 3419 1510 3481 saecula
1540 3419 1859 3480 moechos.

317 3520 710 3579 conventum
740 3520 957 3577 tamen
988 3520 1054 3577 et
1083 3519 1348 3595 pactum
1380 3519 1447 3577 et
1476 3515 1798 3596 sponsalia
1826 3518 2050 3579 nostra

317 3617 702 3695 tempestate
732 3633 938 3694 paraS,
972 3612 1229 3694 iamque
1259 3633 1295 3674 a
1324 3620 1580 3676 tonsore
1611 3613 1921 3693 magistro

316 3711 614 3792 pecteris,
649 3716 715 3773 et
744 3711 952 3792 digito
980 3711 1216 3792 pignus
1246 3712 1519 3773 fortasse
1551 3711 1810 3773 dedisti.

2440 2059 2520 2118 10

2439 2546 2518 2604 15

2428 2993 2516 3092 ι20

2434 3518 2516 3577 25
