2787 4328
395 302 514 349 100
1120 298 1181 343 D.
1236 297 1432 344 IVNII
1476 296 1857 344 IVVENALIS

388 456 541 513 tunc
567 449 747 525 felix,
782 449 1075 531 quotiens
1101 449 1332 531 aliquis
1360 453 1600 512 tortore
1630 453 1850 512 vocato

388 550 597 612 uritur
625 547 876 610 ardenti
905 548 1034 610 duo
1061 552 1323 629 propter
1351 547 1551 610 lintea
1578 548 1829 610 ferro—

384 648 538 729 quid
568 647 792 709 suadet
818 645 1033 707 iuveni
1062 645 1265 707 laetus
1292 646 1562 707 stridore
1592 648 1871 718 catenae,

383 767 573 827 quem
603 745 761 807 mire
790 744 1102 806 adficiunt
1131 744 1459 824 inscripta,
1492 743 1832 824 ergastula,
1865 761 2075 804 carcer
2093 744 2124 802 Ρ

384 844 659 906 rusticus
686 845 981 924 expectas
1008 846 1084 903 ut
1112 861 1243 903 non
1272 841 1355 902 sit
1381 842 1674 903 adultera
1704 840 1944 920 Largae

388 941 535 1015 filia,
571 961 731 1021 quae
760 959 1114 1019 numquam
1142 944 1462 1001 maternos
1489 939 1698 1001 dicere
1729 937 2021 1000 moechos

384 1043 516 1101 tam
545 1038 673 1100 cito
702 1057 820 1099 nec
848 1040 1029 1099 tanto
1056 1037 1296 1118 poterit
1323 1041 1658 1099 contexere
1686 1056 1898 1110 cursa,

385 1141 461 1197 ut
488 1155 617 1196 non
647 1134 951 1197 terdecies
978 1134 1244 1215 respiret
1261 1135 1292 1195 ’ἓ
1373 1134 1626 1197 conscia
1652 1133 1841 1196 matri

388 1234 563 1314 virgo
591 1232 742 1307 fuit,
776 1252 948 1294 ceras
977 1252 1150 1293 nunc
1176 1232 1298 1293 hac
1326 1231 1610 1293 dictante
1639 1231 1900 1313 pusillas

386 1331 614 1412 implet
640 1333 706 1393 et
733 1331 813 1392 ad
844 1330 1181 1392 moechum
1212 1330 1323 1391 dat
1350 1329 1586 1391 eisdem
1615 1330 1782 1391 ferre
1809 1327 2104 1390 cinaedis.

387 1428 477 1491 sic
506 1431 734 1490 natura
762 1427 968 1489 iubet:
1019 1426 1295 1488 velocius
1324 1430 1391 1487 et
1419 1426 1610 1488 citius
1637 1446 1752 1487 nos

388 1529 809 1607 corrumpunt
840 1524 1142 1586 vitiorum
1171 1524 1464 1602 exempla
1491 1522 1855 1595 domestica,
1889 1522 2138 1602 magnis

389 1645 532 1686 cum
565 1624 841 1686 subeunt
869 1622 1114 1684 animos
1140 1621 1526 1683 auctoribus.
1617 1634 1782 1682 unus
1809 1623 1874 1681 et
1900 1620 2063 1681 alter

389 1721 659 1784 forsitan
687 1721 841 1783 haec
869 1727 1174 1801 spernant
1203 1719 1480 1793 iuvenes,
1516 1719 1747 1799 quibus
1775 1721 1908 1780 arte
1936 1717 2212 1797 benigna

389 1824 455 1881 et
482 1818 739 1881 meliore
766 1818 907 1879 luto
935 1817 1124 1878 finxit
1152 1804 1519 1898 praecordia
1546 1814 1761 1890 Titan,

390 1917 498 1978 sed
527 1916 802 1996 reliquos
830 1913 1139 1994 fugienda
1165 1918 1437 1995 patrum'
1455 1913 1719 1994 vestigia
1744 1915 1996 1976 ducunt

389 2017 455 2075 et
482 2015 832 2075 monstrata
858 2013 971 2074 diu
1003 2012 1229 2074 veteris
1258 2013 1457 2073 trahit
1485 2011 1692 2074 orbita
1719 2011 1963 2091 culpae.

261 2103 274 2115 ”
390 2110 700 2174 abstineas
729 2110 931 2190 igitur
958 2109 1357 2172 damnandis.
1447 2109 1642 2171 huius
1669 2109 1842 2172 enim
1870 2108 1968 2172 vel

390 2230 521 2271 una
547 2212 772 2289 potens
800 2209 962 2270 ratio
989 2212 1106 2282 est,
1142 2228 1223 2270 ne
1250 2208 1520 2269 crimina
1548 2194 2142 2286 nostra‘sequantur

390 2328 467 2369 ex
497 2306 678 2369 nobis
705 2306 929 2387 geniti,
965 2306 1267 2385 quoniam
1295 2305 1530 2367 dociles
1558 2304 1888 2367 imitandis

391 2405 687 2485 turpibus
714 2424 786 2465 ac
815 2403 1024 2485 pravis
1052 2423 1269 2465 omnes
1297 2424 1538 2478 sumus,
1573 2406 1638 2465 et
1668 2402 2013 2493 Catilinam

392 2520 792 2582 quocumque
821 2500 889 2562 in
918 2501 1155 2581 populo
1187 2501 1416 2575 videas,
1452 2520 1853 2581 quocumque
1881 2502 1998 2563 sub
2025 2520 2162 2574 axe,

392 2599 499 2661 sed
529 2619 644 2661 nec
675 2598 916 2659 Brutus
944 2598 1066 2660 erit
1096 2598 1283 2659 Bruti
1314 2618 1430 2660 nec
1458 2598 1812 2660 avunculus
1840 2589 2165 2678 umquam.

392 2696 486 2757 nil
514 2696 693 2759 dictu
724 2696 987 2757 foedum
1018 2694 1282 2775 visuque
1310 2696 1465 2757 haec
1493 2696 1720 2758 limina
1747 2696 1992 2778 tangat,

391 2796 564 2856 intra
592 2814 751 2874 quae
779 2798 960 2874 pater
988 2796 1111 2869 est3
1154 2794 1399 2874 procul,
1433 2815 1471 2876 a
1499 2794 1721 2874 procul
1752 2793 1904 2855 inde
1932 2792 2181 2873 puellae

391 2893 696 2954 lenonum
725 2894 791 2953 et
818 2910 933 2952 can
944 2895 1046 2952 tus
1072 2892 1511 2969 pernoctantis
1538 2890 1820 2973 parasiti.

393 2987 669 3050 maxima
695 2988 964 3050 debetur
990 3008 1187 3070 puero
1215 2989 1591 3063 reverentia,
1625 2989 1836 3069 siquid

393 3089 580 3168 turpe
607 3106 811 3166 paraS,
844 3105 961 3147 nec
990 3088 1063 3146 tu
1093 3086 1275 3167 pueri
1304 3087 1759 3167 contempseris
1787 3087 2006 3162 annos,

390 3183 498 3245 sed
528 3186 866 3263 peccaturo
896 3183 1100 3244 obstet
1128 3183 1246 3244 tibi
1278 3184 1449 3245 filius
1477 3184 1712 3250 infans.

392 3300 541 3341 nam
570 3279 782 3360 siquid
814 3280 1085 3359 dignum
1114 3281 1388 3342 censoris
1416 3282 1644 3343 fecerit
1671 3281 1765 3344 ira

392 3378 773 3458 quandoque
800 3382 867 3438 et
895 3377 1165 3440 similem
1195 3361 1314 3440 tibi
1343 3400 1408 3441 se
1437 3371 1577 3441 non*
1595 3369 1855 3460 corpore
1887 3383 2145 3442 tantum

392 3495 507 3537 nec
539 3475 720 3537 vultu
752 3475 1021 3565 dederit,
1056 3471 1308 3537 morum
1338 3497 1591 3557 quoque
1621 3477 1790 3538 filius
1817 3481 1882 3538 et
1911 3477 2023 3557 qui

389 3572 604 3634 omnia
632 3572 911 3636 deterius
940 3576 1054 3635 tua
1081 3594 1195 3655 per
1222 3575 1488 3654 vestigia
1515 3580 1755 3657 peccet,

388 3669 690 3750 corripies
715 3669 1024 3731 nimirum
1054 3676 1118 3733 et
1148 3672 1485 3753 castigabis
1511 3674 1732 3735 acerbo

388 3766 661 3831 clamore
690 3786 762 3829 ac
789 3771 933 3848 post
960 3769 1115 3831 haec
1142 3770 1392 3832 tabulas
1421 3774 1669 3833 mutare
1698 3771 1947 3851 parabis
1967 3774 1997 3832 ?

2522 844 2763 917 115.ἰ

2513 1331 2612 1389 30

2513 1819 2601 1876 35

2516 3289 2665 3382 50η

2519 3779 2596 3842 55
