2787 4328
1060 267 1328 312 SATVRA
1372 267 1511 312 v111
2300 250 2379 331 65

178 418 288 480 hic
318 437 520 481 novus
549 418 847 499 Arpinas,
882 417 1180 500 ignobilis
1206 422 1272 480 et
1299 419 1490 480 modo
1520 418 1754 480 Romae

182 515 592 596 muni‘cipalis
620 536 830 596 eques,
865 517 1185 596 galeatum
1214 516 1402 597 ponit
1429 516 1668 596 ubique

181 614 571 695 praesidium
600 613 892 676 attonitis
919 619 985 675 et
1011 614 1082 674 in
1110 613 1288 675 omni
1319 618 1535 675 monte
1562 614 1824 676 laborat.

184 716 440 773 tantum
469 711 671 791 igitur
698 732 913 774 muros
941 711 1113 773 intra
1142 715 1290 791 toga
1318 711 1596 773 contulit
1624 711 1720 772 illi
2265 714 2382 773 240

180 810 461 872 nominis
489 830 561 872 ac
592 808 793 884 tituli,
828 814 1144 890 quantum
1174 810 1241 870 in
1273 809 1583 883 Leucade,
1619 812 1933 889 quantum

182 907 543 969 Thessaliae
571 907 810 988 campis
840 907 1141 969 Octavius
1169 908 1434 969 abstulit
1463 908 1590 969 udo

181 1006 479 1068 caedibus
506 1005 789 1067 adsiduis
814 1006 1047 1086 gladio,
1082 1006 1193 1067 sed
1223 1006 1424 1067 Roma
1451 1008 1801 1086 parentem,

184 1103 386 1165 Roma
412 1105 660 1183 patrem
690 1102 929 1183 patriae
961 1102 1330 1164 Ciceronem
1359 1102 1555 1164 libera
1583 1102 1770 1163 dixit.

181 1200 463 1281 Arpinas
490 1200 653 1262 alius
680 1200 1057 1262 Volscorum
1085 1199 1154 1260 in
1183 1204 1400 1262 monte
1430 1200 1670 1261 solebat
2263 1203 2380 1261 245

180 1318 437 1378 poscere
465 1298 783 1359 mercedes
810 1297 1016 1359 alieno
1043 1297 1244 1359 lassus
1271 1301 1503 1371 aratr0,

181 1396 488 1457 nodosam
515 1399 660 1476 post
686 1395 840 1457 haec
868 1396 1205 1474 frangebat
1233 1396 1466 1457 vertice
1495 1395 1712 1469 vitem,

180 1493 235 1554 si
262 1493 476 1555 lentus
503 1493 686 1574 pigra
712 1493 995 1555 muniret
1022 1496 1226 1554 castra
1253 1493 1540 1567 dolabra3

180 1590 289 1653 hic
321 1595 534 1652 tamen
562 1595 628 1652 et
659 1590 947 1652 Gimbros
974 1594 1039 1652 et
1066 1611 1315 1652 summa
1340 1591 1625 1671 pericula
1652 1611 1864 1652 rerum

178 1688 434 1787 egui-pit
446 1692 510 1750 et
540 1688 708 1750 solus
735 1688 1163 1768 trepidantem
1191 1688 1470 1769 protegit
1500 1689 1740 1749 urbem.
2087 1738 2219 1753 ν
2250 1693 2381 1750 250

179 1790 373 1896 atque
400 1786 565 1860 ideo,
598 1791 934 1867 postquam
963 1787 1042 1848 ad
1067 1785 1366 1848 Cimbros
1393 1789 1793 1865 stragemque
1822 1786 2119 1848 volabant

180 1884 296 1966 qui
324 1904 679 1964 numquam
709 1884 1054 1964 attigerant
1083 1885 1321 1946 maiora
1348 1885 1652 1945 cadavera
1679 1883 1872 1957 corvi,

178 1982 412 2044 nobilis
441 1985 706 2044 ornatur
732 1981 911 2043 lauro
940 1982 1178 2061 collega
1206 1983 1502 2044 secunda.

176 2079 458 2162 plebeiae
488 2079 833 2140 Deciorum
861 2079 1129 2155 animae,
1165 2080 1411 2160 plebeia
1438 2081 1705 2141 suerunt

179 2178 470 2252 nomina3
515 2198 649 2287 er).
663 2177 813 2239 totis
841 2178 1195 2257 legionibus
1203 2178 1538 2281 11113111611
1567 2181 1632 2240 et
1659 2198 1776 2259 pro
2262 2183 2378 2242 255

177 2275 477 2338 omnibus
504 2242 759 2346 auxiliis
787 2279 978 2355 atque
1007 2276 1179 2336 omni
1210 2249 1377 2356 pube
1410 2276 1641 2337 Latina

178 2372 509 2444 sufficiunt
537 2372 634 2434 dis
662 2373 931 2434 infernis
961 2373 1317 2452 Terraeque
1346 2373 1627 2452 parenti3
1874 2443 1882 2456 ¹

177 2470 425 2552 pluris
411 2470 584 2531 enim
614 2470 796 2531 Decii
826 2490 1017 2550 quam
1048 2490 1206 2550 quae
1235 2474 1568 2532 servantur
1595 2472 1674 2532 ab
1703 2471 1848 2534 illis.

179 2569 413 2630 ancilla
440 2569 629 2629 natus
659 2569 937 2655 trabeam
966 2572 1032 2630 et
1059 2569 1353 2630 diadema
1383 2568 1636 2643 Quirini

176 2670 246 2729 et
274 2667 471 2744 fasces
500 2666 758 2750 meruit,
792 2686 1012 2745 regum
1041 2666 1311 2728 ultimus
1338 2667 1447 2728 ille
1477 2667 1809 2728 bonorum.
1976 2687 1979 2690 ·
2262 2671 2380 2729 260

176 2764 435 2846 prodita
462 2764 761 2853 laxabant
786 2767 1115 2845 portarum
1146 2764 1422 2826 claustra
1448 2763 1736 2843 tyrannis

177 2862 473 2925 exulibus
500 2862 759 2935 iuvenes
786 2861 984 2942 ipsius
1012 2862 1286 2923 consulis
1315 2866 1380 2923 et
1410 2883 1564 2943 quos

177 2980 487 3039 magnum
515 2958 755 3039 aliquid
786 2959 979 3020 dubia
1006 2979 1123 3039 pro
1150 2959 1444 3021 libertate
1474 2960 1743 3033 deceret,

178 3058 351 3167 quod
382 3057 724 3118 miraretur
752 3077 898 3117 cum
931 3057 1172 3119 Coclite
1203 3057 1455 3119 Mucius
1482 3061 1547 3119 et
1577 3077 1736 3136 quae

177 3153 429 3235 imperii
461 3156 620 3215 fines
650 3154 1025 3216 Tiberinum
1056 3155 1234 3265 {iffi}
1256 3155 1532 3217 natavit:
2262 3160 2378 3219 265

177 3252 427 3314 occulta
456 3253 538 3314 ad
565 3255 776 3331 patres
803 3252 1109 3333 produxit
1136 3253 1435 3336 cgiffpinffi
1435 3272 1649 3314 servus

177 3350 489 3414 matronis
516 3350 854 3459 lugendus,
886 3353 955 3411 at
981 3350 1121 3412 illos
1154 3351 1416 3414 verbera
1432 3331 1620 3411 'iustis

176 3448 492 3510 adficiunt
519 3447 739 3528 poenis
767 3450 832 3509 et
860 3449 1074 3527 legum
1104 3450 1311 3528 prima
1339 3448 1596 3508 securis.

258 3546 429 3608 malo
456 3550 639 3625 pater
666 3544 787 3607 tibi
817 3545 900 3607 sit
930 3545 1271 3619 Thersites,
1307 3545 1655 3614 dummodo
1684 3550 1756 3606 tu
1787 3546 1871 3609 sis

175 3644 492 3706 Aeacidae
521 3643 746 3704 similis
774 3643 1214 3723 Vulcaniaque
1244 3663 1421 3704 arma
1448 3661 1748 3722 capessas,
2263 3646 2380 3706 270

176 3762 372 3825 quam
403 3744 466 3803 te
495 3740 824 3804 Thersitae
852 3739 1125 3801 similem
1154 3739 1467 3819 producat
1495 3737 1801 3802 Achilles.

512 3839 544 3891 5
