2787 4328
1103 237 1369 284 SATVRA
1416 241 1493 283 XI

177 405 322 448 non
352 385 745 466 praematuri
774 387 1015 451 cineres
1045 408 1160 450 nec
1188 390 1388 452 funus
1417 392 1714 453 acerbum

175 483 504 557 luxuriae,
540 484 648 545 sed
677 488 881 547 morte
912 485 1111 566 magis
1139 489 1483 550 metuenda
1513 494 1819 554 senectus.

177 583 253 644 hi
287 582 670 663 plerumque
698 584 960 662 gradus:
1006 586 1324 648 conducta
1351 589 1623 667 pecunia
1653 591 1886 653 Romae

175 685 248 742 et
278 700 495 742 coram
524 680 801 742 dominis
827 683 1226 746 consumitur
1237 706 1255 760 3
1299 685 1450 747 inde
1480 688 1590 748 ubi
1619 688 1883 768 paulum

176 780 399 841 nescio
428 779 587 860 quid
616 784 899 860 super'est
928 786 995 843 et
1022 782 1222 863 pallet
1250 784 1528 846 faenoris
1555 789 1794 859 auctor,

176 878 299 958 qui
329 882 576 940 vertere
604 879 831 953 solum,
868 879 1051 941 Baias
1079 885 1144 942 et
1171 881 1250 943 ad
1281 886 1485 944 ostrea
1513 887 1803 944 currunt.

174 976 409 1037 cedere
439 995 716 1056 namquo
744 977 884 1038 foro
913 978 1040 1040 iam
1070 998 1196 1039 non
1228 983 1324 1041 est
1351 980 1632 1042 deterius
1661 1000 1853 1060 quam

176 1072 508 1153 Esquilias
535 1094 573 1135 a
600 1075 877 1136 ferventi
907 1075 1180 1156 migrare
1211 1076 1482 1138 Subura.

177 1169 293 1232 ille
322 1170 507 1233 dolor
535 1172 703 1233 solus
730 1173 1006 1252 patriam
1036 1174 1457 1252 fugientibus,
1494 1175 1604 1235 illa

175 1268 506 1331 maestitia
534 1273 649 1343 est,
683 1270 952 1332 caruisse
980 1290 1149 1332 anno
1178 1272 1565 1334 circensibus
1592 1293 1744 1335 uno.

176 1366 516 1445 sanguinis
545 1366 613 1427 in
641 1367 803 1428 facie
832 1388 963 1429 non
991 1368 1207 1430 haeret
1235 1373 1443 1448 gutta,
1478 1375 1810 1432 morantur

175 1463 371 1543 pauci
403 1464 750 1525 ridiculum
779 1468 845 1526 et
871 1465 1231 1545 fugientem
1259 1487 1337 1528 ex
1367 1468 1522 1529 urbe
1550 1469 1882 1548 pudorem,

261 1561 587 1641 experiere
614 1561 804 1623 hodie
832 1564 1146 1643 numquid
1178 1564 1609 1644 pulcherrima
1637 1566 1838 1641 dictu,

177 1659 454 1733 Persice,
487 1679 618 1721 non
647 1664 957 1740 praestem
987 1660 1153 1722 vitae
1184 1661 1303 1723 tibi
1332 1663 1616 1724 moribus
1642 1666 1707 1724 et
1734 1683 1823 1738 re,

175 1758 230 1818 si
260 1758 521 1819 laudem
550 1757 808 1839 siliquas
837 1759 1124 1820 occultus
1151 1779 1373 1837 ganeo,
1408 1761 1619 1840 pultes

175 1875 393 1917 coram
435 1855 576 1917 aliis
602 1855 838 1918 dictem
867 1876 1066 1937 puero
1095 1857 1202 1919 sed
1231 1856 1301 1918 in
1330 1877 1484 1919 aure
1513 1858 1851 1939 placentas.

175 1973 331 2014 nam
361 1973 509 2014 cum
538 1953 621 2014 sis
648 1953 911 2016 conviva
939 1954 1100 2016 mihi
1129 1954 1493 2036 promissus,
1529 1955 1784 2019 habebis

126 2060 140 2069 ‘
178 2051 586 2125 Euandrum,
622 2052 832 2114 venies
862 2052 1241 2133 Tirynthius
1268 2057 1382 2115 aut
1411 2054 1620 2116 minor
1651 2055 1760 2116 illo

177 2149 429 2230 hospes,
463 2152 528 2211 et
557 2149 688 2231 ipse
716 2154 930 2213 tamen
958 2152 1332 2232 contingens
1361 2152 1669 2233 sanguine
1697 2154 1962 2230 caelum,

179 2247 342 2308 alter
371 2247 573 2327 aquis,
606 2249 766 2309 alter
794 2248 1065 2310 flammis
1092 2250 1171 2311 ad
1202 2249 1409 2312 sidera
1436 2250 1684 2312 missus.

178 2345 425 2406 fercula
451 2364 626 2405 nunc
654 2344 805 2406 audi
834 2345 1030 2408 nullis
1058 2348 1608 2409 ornata0macellis.

178 2442 259 2503 de
289 2441 633 2503 Tiburtino
662 2441 878 2503 veniet
904 2443 1361 2523 pinguissimus
1388 2465 1542 2524 agro

178 2540 492 2601 haedulus
520 2543 585 2601 et
612 2543 748 2602 toto
775 2560 965 2621 grege
993 2542 1264 2616 mollior,
1299 2542 1538 2604 inscius
1565 2543 1794 2606 herbae

181 2638 456 2699 necdum
483 2657 672 2699 ausus
701 2637 906 2717 virgas
933 2638 1197 2701 humilis
1224 2641 1513 2702 mordere
1542 2641 1769 2715 salicti,

181 2735 292 2815 qui
321 2735 468 2815 plus
494 2734 679 2796 lactis
705 2734 896 2797 habet
926 2755 1117 2815 quam
1145 2737 1496 2817 sanguinis,
1531 2741 1597 2800 et
1625 2738 1915 2801 montani

180 2832 486 2913 asparagi,
519 2832 727 2912 posito
757 2853 911 2913 quos
938 2833 1097 2914 legit
1127 2835 1312 2897 vilica
1339 2836 1503 2898 fuso·

180 2928 446 3008 grandia
472 2933 797 3009 praeterea
826 2932 1118 3009 tortoque
1146 2932 1418 2993 calentia
1442 2931 1632 2994 Taeno

181 3046 294 3093 ova
321 3026 558 3087 adsunt
585 3026 738 3106 ipsis
766 3047 913 3088 cum
942 3028 1275 3102 matribus,
1309 3032 1374 3089 et
1403 3033 1681 3091 servatae

181 3127 356 3204 parte
386 3123 540 3185 anni
572 3125 786 3204 quales
814 3125 1075 3185 fuerant
1106 3125 1174 3185 in
1202 3125 1441 3187 vitibus
1470 3147 1649 3200 uvae,

183 3221 522 3301 Signinum
555 3222 936 3303 Syriumque
965 3222 1202 3303 pirum,
1237 3225 1315 3285 de
1344 3225 1637 3286 corbibus
1666 3226 1867 3288 isdem

180 3321 423 3382 aemula
454 3320 701 3381 Picenis
729 3324 793 3382 et
822 3320 1031 3381 odoris
1059 3322 1224 3382 mala
1254 3323 1522 3383 recentis

181 3436 291 3479 nec
320 3418 664 3479 metuenda
693 3415 833 3489 tibi,
869 3417 1171 3479 siccatum
1204 3419 1443 3498 frigore
1471 3425 1806 3501 postquam

180 3518 563 3578 autumnum
592 3518 657 3576 et
683 3515 867 3576 crudi
895 3534 1159 3596 posuere
1187 3516 1470 3595 pericula
1498 3518 1652 3579 suci.

182 3613 327 3675 haec
355 3612 510 3675 olim
541 3612 738 3673 nostri
769 3612 895 3673 iam
924 3612 1251 3674 luxuriosa
1278 3618 1534 3676 senatus

182 3731 328 3777 cena
353 3710 504 3774 fuit.
598 3710 832 3771 Curius
858 3729 1054 3794 parvo
1081 3730 1246 3790 quae
1273 3711 1513 3796 legerat
1541 3713 1727 3779 horto

2319 500 2398 559 45

2311 991 2390 1048 50

2307 1479 2385 1536 55

2305 1967 2382 2024 60

2301 2455 2378 2514 65

2301 2942 2376 3002 '70
