2787 4328
1187 311 1455 358 SATVRA
1499 312 1546 358 x
2381 311 2464 377 79

235 465 493 528 festino
520 464 602 527 ad
632 467 879 527 nostros
908 466 974 526 et
1001 483 1213 551 regem
1242 466 1494 525 transeo
1525 461 1715 525 Ponti

238 562 316 633 et
348 558 678 633 Croesum,
714 579 903 639 quem
932 578 1053 620 vox
1082 557 1236 619 iusti
1264 558 1545 620 facunda
1576 556 1824 620 Solonis

238 657 564 738 respicere
591 658 671 719 ad
700 657 926 736 longae
953 656 1139 718 iussit
1166 655 1372 736 spatia
1400 655 1631 717 ultima
1660 655 1842 717 vitae.
2272 748 2275 751 y
2341 658 2459 720 275

120 797 135 806 -
241 755 520 817 exilium
549 761 614 817 et
641 774 853 817 carcer
882 754 1492 840 Minturnarumque
1519 753 1784 835 paludes

244 857 316 915 et
346 853 746 915 mendicatus
780 852 943 914 victa
974 851 1359 933 Carthagine
1388 850 1572 932 panis

243 951 411 1013 hinc
439 971 655 1013 causas
682 951 989 1025 habuere;
1035 950 1191 1030 quid
1221 949 1334 1011 illo
1362 950 1497 1011 cive
1526 949 1776 1012 tulisset

249 1053 490 1111 natura
515 1048 585 1109 in
614 1049 824 1122 terris,
860 1048 1016 1128 quid
1046 1048 1247 1109 Roma
1274 1046 1520 1109 beatius
1547 1067 1875 1127 umquam,

250 1147 303 1208 si
334 1147 776 1233 circumducto
804 1146 1204 1227 captivorum
1233 1145 1488 1226 agmine
1516 1148 1582 1207 et
1610 1145 1784 1208 omni
2339 1150 2457 1209 280

249 1244 567 1306 bellorum
597 1264 830 1325 pompa
859 1243 1137 1305 animam
1167 1243 1520 1312 exhalasset
1547 1241 1846 1323 opiinam,
1886 1320 1895 1325 ³
2200 1278 2209 1319 ἲ
2260 1292 2275 1299 -

250 1361 405 1404 cum
434 1342 513 1403 de
543 1341 895 1404 Teutonico
922 1341 1117 1403 vellet
1145 1340 1522 1403 descendere
1549 1360 1740 1402 curru
1760 1342 1791 1402 ‘t‘
2204 1324 2209 1337 ⁸

251 1437 521 1521 provida
551 1438 852 1519 Pompeio
880 1439 1142 1500 dederat
1172 1437 1523 1518 Campania
1549 1438 1758 1500 febres

252 1537 588 1617 optandas,
621 1537 733 1597 sed
760 1536 1001 1598 multae
1031 1536 1219 1598 urbes
1247 1539 1313 1598 et
1341 1535 1599 1616 publica
1625 1538 1772 1598 vota

255 1633 568 1708 vicerunt,
604 1633 805 1714 igitur
831 1634 1119 1695 Fortuna
1146 1633 1344 1714 ipsius
1374 1637 1440 1695 et
1468 1632 1643 1695 urbis
2333 1638 2452 1698 285

252 1735 574 1794 servatum
602 1731 772 1793 victo
798 1735 994 1812 caput
1020 1731 1307 1797 abstulit.
1392 1731 1515 1792 hoc
1543 1731 1831 1793 cruciatu

255 1830 590 1904 Lentulus,
624 1830 744 1892 hac
771 1849 974 1910 poena
1001 1830 1208 1913 caruit
1235 1829 1591 1911 ceciditque
1623 1828 1944 1909 Cethegus

251 1926 524 2007 integer,
558 1930 624 1989 et
650 1926 848 1996 iacuit
878 1926 1154 1989 Catilina
1180 1928 1481 1989 cadavere
1509 1929 1664 1988 toto.

336 2025 610 2087 formam
638 2027 821 2105 optat
848 2024 1358 2105 modico-pueris,
1393 2024 1627 2086 maiore
1649 2025 1878 2104 puellis

254 2142 605 2198 murmure,
638 2143 786 2186 cum
823 2121 1085 2200 Veneris
1110 2123 1336 2185 fanum
1365 2122 1561 2197 videt,
1595 2121 1782 2185 anxia
1810 2126 2012 2200 mater

253 2241 456 2301 usque
484 2222 562 2283 ad
592 2221 850 2284 delicias
877 2224 1192 2284 votorum.
1286 2220 1304 2249 ‘
1324 2240 1440 2282 cur
1468 2223 1682 2282 tamen
1706 2221 1723 2249 '
1757 2219 1972 2300 inquit

261 2318 600 2410 ‘corripias
618 2321 649 2379 ἲ
730 2319 998 2399 pulchra
1025 2319 1264 2398 gaudet
1292 2318 1538 2379 Latona
1568 2317 1826 2380 Diana.’

257 2418 363 2479 sed
392 2418 566 2479 vetat
594 2417 800 2497 optari
830 2416 1059 2479 faciem
1092 2415 1388 2477 Lucretia
1418 2414 1669 2495 qualem

258 2515 391 2596 ipsa
420 2514 665 2588 habuit,
700 2517 960 2595 cuperet
989 2499 1242 2575 Rutilae
1270 2513 1577 2592 Verginia
1606 2513 1869 2593 gibbum

257 2613 537 2694 accipere
564 2615 756 2693 atque
785 2632 963 2674 suam
994 2611 1247 2673 Rutilae
1277 2612 1450 2673 dare.
1538 2611 1708 2673 filius
1737 2615 1951 2675 autem
2204 2686 2208 2692 ,
2335 2618 2452 2677 295

260 2710 537 2791 corporis
564 2709 801 2791 egregii
832 2709 1089 2771 miseros
1116 2709 1523 2790 trepidosque
1552 2712 1844 2788 parentes

260 2811 506 2888 semper
531 2808 752 2883 habet3
798 2827 940 2869 rara
966 2810 1061 2869 est
1089 2807 1244 2869 adeo
1272 2806 1608 2869 concordia
1629 2805 1876 2869 hrmae

261 2907 448 2985 atque
476 2904 840 2985 pudicitiae.
933 2907 1180 2966 sanctos
1207 2903 1356 2965 licet
1369 2903 1672 2988 horrida
1672 2924 1874 2978 mores

262 3002 595 3065 tradiderit
622 3004 850 3064 domus
877 3022 950 3065 ac
978 2969 1221 3065 veteres
1249 3001 1502 3063 imitata
1533 3002 1816 3077 Sabinos,

262 3101 581 3179 praeterea
609 3103 855 3161 castum
884 3099 1219 3179 ingenium
1248 3099 1631 3178 vultumque
1659 3100 1944 3163 modesto
2335 3104 2454 3164 300

264 3195 567 3275 sanguine
595 3197 949 3259 ferventem
979 3196 1221 3284 tribuat
1250 3198 1481 3272 natura
1508 3196 1784 3276 benigna

263 3293 431 3373 larga
459 3294 897 3373 manu—quid
925 3294 1097 3355 enim
1126 3313 1323 3373 puero
1350 3294 1639 3357 conferre
1667 3297 1875 3374 potest
1902 3294 2048 3375 plus

265 3391 519 3452 custode
547 3394 611 3451 et
640 3410 791 3452 cura
818 3394 1049 3452 natura
1076 3373 1399 3471 potentior
1427 3392 1602 3453 omni
1621 3392 1733 3451 ⁴?—

264 3507 386 3548 non
416 3487 570 3549 licet
595 3508 724 3550 esse
752 3488 909 3550 viro.
996 3509 1145 3549 nam
1174 3488 1439 3568 prodiga
1466 3489 1853 3569 corruptoris

266 3583 633 3664 improbitas
662 3586 829 3666 ipsos
855 3587 1049 3647 audet
1076 3589 1391 3665 temptare
1419 3595 1740 3666 parentes3
2336 3591 2455 3651 305

266 3684 441 3742 tanta
468 3682 537 3743 in
568 3683 937 3745 muneribus
964 3684 1217 3747 fiducia.
1304 3683 1523 3746 nullus
1550 3685 1866 3765 ephebum

266 3776 612 3840 deformem
641 3799 820 3842 saeva
848 3781 1150 3845 castravit
1176 3781 1247 3843 in
1277 3799 1421 3843 arce
1448 3783 1779 3864 tyrannus,

2039 2072 2125 2146 ’Ν
2170 2090 2229 2240 “¹
2266 2209 2287 2220 „
2334 2128 2454 2187 290
