2787 4328
786 799 866 866 D.
937 799 1187 864 IVNII
1262 799 1783 865 IVVENALIS

593 1045 1975 1156 SATVRARVM

947 1352 1218 1416 LIBER
1282 1353 1612 1415 PRIMVS
1645 1293 1668 1320 ⁰

1102 1569 1399 1622 SATVRA
1434 1569 1462 1621 I

170 1724 446 1805 Semper
475 1742 595 1804 ego
625 1722 884 1786 auditor
913 1726 1174 1785 tantum
1207 1722 1234 1783 Ρ
1290 1717 1732 1803 numquamne
1763 1743 2069 1803 reponam

168 1825 446 1883 vexatus
476 1820 720 1882 totiens
759 1820 938 1881 rauci
969 1820 1282 1882 Theseide
1317 1820 1511 1881 Cordi
1541 1821 1568 1881 Ρ

167 1919 423 1999 inpune
455 1937 608 1998 ergo
638 1917 799 1978 mihi
829 1917 1198 1979 recitaverit
1228 1917 1338 1979 ille
1368 1921 1645 1998 togataS,
1755 1915 1763 1923 ’

167 2016 282 2077 11Ῐο
313 2016 526 2096 elegos
556 2014 584 2077 ?
638 2015 883 2095 inpune
915 2014 1086 2076 diem
1118 2015 1593 2096 consumpserit
1623 2016 1851 2097 ingens

169 2113 504 2196 Telephus
535 2116 649 2175 aut
663 2111 915 2213 ‚summi
946 2113 1138 2194 plena
1166 2113 1295 2175 iam
1326 2113 1618 2195 margine
1646 2114 1815 2187 libri,

171 2211 458 2292 scriptus
489 2215 556 2273 et
584 2211 651 2272 in
684 2216 868 2291 tergo
898 2211 1179 2272 necdum
1210 2211 1437 2273 finitus
1471 2212 1727 2273 Orestes
1756 2212 1783 2273 ?

170 2313 332 2371 nota
362 2309 565 2390 magis
594 2309 761 2370 nulli
793 2309 1022 2370 domus
1055 2312 1151 2370 est
1181 2330 1316 2383 sua,
1353 2329 1547 2390 quam
1577 2309 1738 2370 mihi
1766 2310 1955 2373 lucus

174 2406 406 2468 Martis
435 2410 501 2468 et
532 2406 776 2483 Aeoliis
806 2407 1094 2468 vicinum
1124 2407 1395 2486 rupibus
1426 2410 1689 2468 antrum

82 2519 95 2529 ⁵
171 2500 456 2571 Vulcani
485 2525 503 2581 3
548 2504 707 2586 quid
737 2506 935 2584 agant
964 2504 1166 2577 venti,
1204 2524 1361 2585 quas
1406 2507 1996 2585 torqueatumbras

174 2603 448 2677 Aeacus,
485 2602 660 2663 unde
690 2601 855 2663 alius
885 2600 1170 2663 furtivae
1201 2602 1479 2664 devehat
1521 2622 1752 2664 aurum

170 2686 539 2780 pelliculae,
577 2704 851 2781 quantas
883 2699 1206 2760 iaculetur
1237 2699 1602 2781 Monychus
1632 2720 1842 2774 011108,

173 2797 525 2879 Frontonis
553 2797 803 2879 platani
834 2796 1267 2878 convulsaque
1299 2817 1616 2858 marmora
1646 2797 1930 2859 clamant

172 2891 426 2974 semper
456 2898 522 2956 et
552 2894 825 2956 adsiduo
858 2899 1090 2976 ruptae
1120 2894 1364 2955 lectore
1398 2894 1755 2955 columnae.

172 2992 473 3069 expectes
504 2988 727 3049 eadem
758 3009 795 3050 a
826 3008 1077 3049 summo
1110 2988 1509 3069 minimoque
1540 2992 1749 3070 poeta.

173 3088 387 3147 etnos
417 3105 566 3166 ergo
595 3106 863 3147 manum
892 3086 1138 3165 ferulae
1170 3086 1618 3160 subduximus,
1654 3090 1720 3147 et
1748 3106 1867 3149 nos

173 3181 519 3244 consilium
547 3182 846 3245 dedimus
878 3181 1114 3258 Sullae,
1148 3183 1441 3264 privatus
1472 3188 1548 3245 ut
1578 3184 1785 3245 altum

171 3279 504 3342 dormiret.
590 3281 796 3343 stulta
826 3284 922 3344 est
952 3281 1315 3356 clementia,
1352 3302 1502 3344 cum
1528 3286 1631 3344 tot
1661 3281 1902 3365 ubique

170 3377 430 3440 vatibus
461 3398 780 3454 occurras,
815 3380 1140 3461 periturae
1170 3399 1432 3461 parcere
1462 3380 1742 3442 chartae.

170 3496 289 3539 cur
318 3472 537 3540 tamen
567 3477 690 3539 hoc
721 3477 939 3558 potius
967 3477 1168 3539 libeat
1198 3478 1536 3553 decurrere
1568 3497 1816 3557 campo,

166 3595 285 3658 per
309 3595 501 3656 quem
531 3594 806 3655 magnus
836 3593 1033 3654 equos
1063 3574 1409 3636 Auruncae
1440 3574 1619 3636 flexit
1649 3573 1972 3647 alumnuS,

168 3674 223 3735 si
254 3677 442 3736 vacat
468 3691 541 3734 ac
572 3670 813 3752 placidi
844 3669 1161 3732 rationem
1191 3671 1562 3746 admittitis,
1592 3672 1798 3734 edam.

646 4142 682 4266 1

420 4136 595 4255 s

2294 2606 2372 2666 10

2297 3091 2368 3149 ]5

2207 3577 2368 3635 Δ20
