2787 4328
1079 290 1347 336 SATVRA
1392 292 1486 336 XV

119 462 317 522 pars
344 442 527 516 haec,
560 441 672 505 illa
697 444 891 523 pavet
916 443 1197 504 saturam
1226 444 1623 524 serpentibus
1652 444 1809 506 ibin.

26 600 37 605 -
125 541 411 621 effigies
439 539 599 601 sacri
630 540 694 600 ni
705 543 797 601 tet
824 558 1016 601 aurea
1043 542 1485 621 cercopitheci,

127 638 444 700 dimidio
474 637 753 717 magicae
780 640 1081 698 resonant
1108 638 1219 700 ubi
1250 640 1591 702 Memnone
1620 640 1890 703 chordae

132 742 367 817 atque
396 739 579 797 vetus
608 734 823 796 Thebe
851 738 1111 796 centum
1139 736 1302 798 iacet
1331 738 1558 799 obruta
1586 738 1805 819 portis.

134 833 306 896 illic
335 834 603 907 aeluros,
639 832 745 895 hic
772 832 1009 914 piscem
1039 833 1342 908 fluminis,
1377 836 1510 897 illic

139 931 409 1014 oppida
440 936 573 994 tota
602 951 824 994 canem
854 936 1260 1007 venerantur,
1295 954 1482 996 nemo
1513 934 1807 996 Dianam.

139 1050 436 1111 porrum
467 1034 532 1092 et
559 1050 747 1111 caepe
776 1030 954 1092 nefas
985 1029 1216 1093 violare
1245 1035 1310 1092 et
1338 1032 1631 1111 frangere
1661 1052 1905 1109 morsu3

146 1148 202 1191 o
234 1131 489 1191 sanctas
515 1132 736 1208 gentes
765 1127 997 1207 quibus
1025 1128 1178 1190 haec
1213 1133 1567 1192 nascuntur
1594 1130 1661 1191 in
1691 1130 1894 1191 hortis

147 1226 466 1287 numina.
553 1225 784 1288 lanatis
811 1224 1194 1288 animalibus
1221 1228 1499 1289 abstinet
1527 1227 1734 1290 omnis

153 1343 413 1397 mensa,
448 1323 628 1384 nefas
658 1322 791 1385 illic
818 1324 1025 1385 fetum
1056 1323 1347 1404 iugulare
1375 1326 1682 1406 capellae:

152 1420 471 1484 carnibus
497 1420 798 1483 humanis
829 1421 990 1483 vesci
1017 1421 1191 1483 licet.
1278 1424 1554 1484 attonito
1582 1444 1729 1517 cum

154 1520 300 1582 tale
328 1538 521 1601 super
548 1538 769 1581 cenam
799 1518 1050 1581 facinus
1078 1523 1363 1581 narraret
1391 1521 1613 1583 Vlixes

159 1618 467 1689 Alcinoo,
500 1617 693 1679 bilem
722 1620 837 1680 aut
865 1616 1063 1678 risum
1093 1618 1356 1679 fortasse
1388 1619 1767 1698 quibusdam

161 1718 457 1778 moverat
483 1719 560 1776 ut
587 1715 862 1778 mendax
888 1716 1264 1796 aretalogus.
1360 1717 1467 1777 ‘in
1498 1737 1668 1779 mare
1697 1737 1884 1780 nemo

32 1842 51 1857 ··
161 1815 350 1876 hunc
377 1813 572 1876 abicit
599 1833 782 1901 saeva
810 1813 1081 1894 dignum
1114 1832 1385 1894 veraque
1417 1814 1759 1895 Charybdi,

22 1928 39 1987 ,ι’
165 1912 523 1992 fingentem
553 1910 842 1971 inmanes
873 1910 1329 1992 Laestrygonas
1356 1915 1549 1991 atque
1580 1911 1884 1994 Cyclopas
1902 1913 1933 1973 ’ἓ

16 1990 27 2021 ’
167 2029 326 2071 nam
355 2008 544 2071 citius
574 2007 848 2102 Scyllam
879 2008 975 2069 vel
1005 2009 1451 2071 concurrentia
1479 2030 1626 2095 saxa

172 2107 444 2188 Cyaneis
472 2108 691 2189 plenos
718 2109 783 2169 et
814 2107 1295 2188 tempestatibus
1316 2111 1498 2170 Utres

170 2205 551 2268 crediderim
581 2208 694 2267 aut
726 2204 903 2267 tenui
931 2223 1305 2285 percussum
1334 2207 1589 2269 verbere
1619 2207 1831 2269 Circes

171 2308 241 2365 et
269 2323 414 2365 cum
444 2302 789 2382 remigibus
816 2302 1152 2382 grunnisse
1181 2304 1503 2384 Elpenora
1530 2305 1759 2386 porcis.

171 2407 309 2463 tam
338 2400 518 2463 vacui
547 2398 774 2481 capitis
801 2401 1114 2481 populum
1146 2401 1431 2476 Phaeaca
1457 2402 1760 2482 putavit?
1782 2404 1799 2432 ’

172 2499 265 2562 810
292 2498 523 2578 aliquis
552 2496 778 2560 merito
809 2498 1096 2560 nondum
1126 2498 1338 2560 ebrius
1365 2504 1435 2560 et
1459 2500 1802 2562 minimum
1834 2500 1945 2581 qui

172 2598 255 2658 de
285 2595 629 2676 Corcyraea
657 2598 965 2658 temetum
995 2596 1267 2658 duxerat
1298 2617 1487 2671 urna3

172 2695 345 2757 solus
371 2693 544 2756 enim
572 2692 731 2755 haec
759 2692 1020 2756 Ithacus
1048 2693 1229 2755 nullo
1259 2695 1376 2756 sub
1407 2698 1567 2756 teste
1598 2696 1880 2757 canebat.

173 2811 290 2854 nos
316 2791 607 2853 miranda
638 2790 897 2870 quidem
926 2792 1034 2853 sed
1063 2810 1270 2872 nuper
1298 2794 1556 2854 consule
1585 2793 1787 2854 Iunco

173 2893 354 2970 gesta
379 2908 568 2969 super
595 2887 834 2950 calidae
862 2888 1212 2951 referemus
1239 2887 1491 2951 moenia
1523 2889 1733 2971 Copti,

178 3006 290 3049 nos
318 2985 494 3064 vulgi
523 2986 724 3048 scelus
752 2988 818 3048 et
845 2986 1095 3048 cunctis
1123 2987 1415 3067 graviora
1443 2988 1802 3064 cothurnis3

177 3103 324 3145 nam
353 3083 575 3157 scelus,
609 3103 647 3145 a
677 3084 918 3164 Pyrrha
950 3104 1336 3165 quamquam
1368 3086 1584 3147 omnia
1612 3091 1888 3165 syrmata
1916 3087 2149 3161 volvas,

177 3181 392 3242 nullus
419 3184 577 3262 aput
605 3181 878 3262 tragicos
905 3183 1182 3264 populus
1210 3183 1388 3245 facit.
1478 3184 1711 3262 accipe,
1746 3188 1961 3247 nostro

177 3278 313 3340 dira
343 3279 509 3358 quod
542 3280 909 3361 exemplum
941 3280 1162 3343 feritas
1191 3281 1568 3372 produgerit
1596 3302 1768 3345 aevo.

254 3376 427 3438 inter
454 3376 762 3439 finitimos
790 3381 972 3440 vetus
1001 3381 1193 3458 atque
1222 3380 1491 3460 antiqua
1522 3381 1831 3454 simultas,

178 3474 512 3537 inmortale
540 3475 762 3538 odium
789 3479 856 3537 et
886 3495 1239 3556 numquam
1270 3477 1549 3540 sanabile
1578 3479 1816 3540 vulnus

180 3573 356 3634 ardet
383 3572 594 3634 adhuc
625 3572 862 3634 Ombos
891 3576 957 3634 et
986 3572 1288 3654 Tentyra.
1381 3594 1671 3638 summus
1699 3576 2028 3657 utrimque

180 3668 324 3731 inde
353 3668 536 3732 furor
565 3669 770 3750 volgo,
806 3671 977 3750 quod
1007 3671 1277 3734 numina
1308 3671 1666 3736 vicinorum

182 3765 314 3829 odit
343 3768 612 3846 uterque
637 3766 837 3839 locus,
870 3786 1021 3829 cum
1048 3768 1212 3832 solos
1238 3770 1456 3832 credat
1484 3770 1809 3833 habendos

2263 293 2383 360 109

2302 1135 2376 1191 10

2301 1623 2376 1682 15

2299 2113 2376 2171 20

2298 2603 2376 2662 25

2298 3092 2377 3150 30

2301 3582 2377 3640 35
