2787 4328
1134 280 1404 339 SATVRA
1447 294 1525 340 VI

218 443 493 524 cogitur,
525 443 633 506 hic
659 444 909 525 frangit
940 445 1200 519 ferulaS,
1234 446 1422 507 rubet
1448 443 1558 506 ille
1585 444 1854 525 flage110,

217 541 323 603 hic
354 540 623 618 scutica3
668 545 819 603 sunt
848 562 1008 622 quae
1038 542 1384 604 tortoribus
1413 562 1628 604 annua
1656 544 1998 622 praestent.

219 641 507 701 verberat
535 644 726 720 atque
755 640 960 702 obiter
986 640 1215 701 faciem
1245 640 1417 714 linit,
1452 640 1636 701 audit
1664 640 1896 702 amicas

218 741 332 799 aut
359 736 567 799 latum
594 737 801 817 pictae
832 737 1020 799 vestis
1048 737 1406 800 considerat
1435 757 1665 799 aurum

218 839 285 896 et
312 835 539 909 caedit,
574 835 749 914 longi
780 835 1005 914 relegit
1032 838 1388 898 transversa
1417 835 1634 896 diurni

217 935 285 993 et
311 931 544 1006 caedit,
577 932 776 993 donec
806 931 981 992 lassis
1008 932 1418 993 caedentibus
1453 932 1579 992 ‘exi
1601 931 1619 959 '

218 1029 471 1091 intonet
498 1029 890 1092 horrendum
919 1029 1047 1091 iam
1078 1029 1444 1109 cognitione
1475 1033 1745 1110 peracta.

217 1127 620 1207 praefectura
646 1127 876 1189 domus
905 1126 1122 1189 Sicula
1150 1147 1279 1189 non
1309 1127 1530 1188 mitior
1556 1127 1721 1189 aula.

216 1243 367 1285 nam
398 1223 450 1285 si
478 1224 815 1286 constituit
843 1224 1154 1304 solitoque
1181 1225 1513 1286 decentius
1541 1229 1722 1304 optat

217 1321 430 1383 ornari
458 1325 523 1383 et
550 1326 847 1402 properat
876 1321 1127 1401 iamque
1156 1326 1531 1404 expectatur
1559 1323 1628 1395 in
1656 1321 1861 1386 hortis

214 1423 332 1480 aut
358 1422 517 1500 aput
545 1419 781 1481 Isiacae
808 1420 1024 1500 potius
1053 1421 1322 1482 sacraria
1349 1421 1550 1494 lenae,

216 1516 503 1597 disponit
528 1517 772 1579 crinem
800 1518 1088 1580 laceratis
1117 1514 1253 1599 ipsa
1281 1518 1530 1599 capillis

216 1615 393 1677 nuda
423 1635 640 1678 umero
669 1616 891 1678 Psecas
919 1616 1147 1678 infelix
1176 1616 1494 1695 nudisque
1522 1615 1842 1679 mamillis-

219 1712 239 1742 ‘
257 1712 449 1775 altior
475 1713 582 1775 hic
613 1733 803 1795 quare
831 1713 1168 1775 cincinnus
1188 1716 1218 1774 Ρ
1241 1714 1258 1743 ’
1290 1718 1509 1776 taurea
1537 1713 1730 1794 punit

214 1810 523 1873 continuo
551 1811 696 1873 flexi
725 1811 968 1873 crimen
998 1812 1374 1891 facinusque
1404 1810 1639 1892 capilli.

215 1908 374 1988 quid
405 1908 627 1971 Psecas
654 1909 914 1970 admisit
931 1910 962 1969 Ρ
1045 1928 1356 1990 quaenam
1385 1913 1483 1970 est
1510 1908 1617 1970 hic
1645 1908 1834 1989 culpa
1859 1909 2129 1990 puellae,

214 2004 267 2067 si
298 2005 417 2067 tibi
445 2005 774 2087 displicuit
803 2026 991 2068 nasus
1023 2010 1172 2067 tuus
1191 2008 1222 2067 Ρ
1303 2007 1502 2068 altera
1528 2005 1780 2068 laevum

213 2103 506 2166 extendit
533 2103 856 2185 pectitque
884 2123 1094 2166 comas
1122 2112 1187 2166 et
1217 2103 1417 2167 volvit
1447 2103 1514 2164 in
1543 2104 1780 2166 orbem.

213 2206 311 2264 est
340 2200 409 2262 in
438 2202 701 2264 consilio
730 2207 1016 2264 materna
1042 2203 1427 2281 admotaque
1454 2202 1617 2264 lanis

214 2297 480 2361 emerita
508 2319 668 2379 quae
685 2303 893 2364 cessat
919 2319 1068 2375 acu3
1114 2299 1434 2361 sententia
1460 2300 1668 2381 prima

214 2396 410 2458 huius
437 2396 582 2470 erit,
614 2400 758 2477 post
790 2396 952 2458 hanc
979 2400 1187 2458 aetate
1216 2399 1410 2476 atque
1439 2401 1574 2458 arte
1604 2397 1884 2461 miuores

215 2494 585 2564 censebunt,
620 2497 944 2574 tamquam
972 2495 1180 2555 famae
1209 2493 1548 2556 discrimen
1580 2499 1807 2574 agatur

215 2596 330 2654 aut
357 2590 625 2652 animae.
719 2594 897 2653 tanta
924 2594 1019 2653 est
1049 2591 1393 2671 quaerendi
1425 2611 1579 2653 cura
1606 2592 1878 2670 decoris3

217 2693 315 2751 tot
342 2688 578 2769 premit
605 2689 956 2762 ordinibus,
990 2696 1089 2750 tot
1115 2689 1328 2750 adhuc
1356 2689 1751 2770 conpagibus
1779 2691 1983 2751 altum

216 2787 510 2848 aedificat
537 2794 750 2867 eaput.
840 2787 1335 2849 Andromachen
1364 2807 1402 2847 a
1430 2788 1643 2850 fronte
1675 2787 1936 2862 videbis,

217 2889 360 2965 post
388 2884 598 2945 minor
624 2887 740 2958 est,
772 2885 989 2946 credas
1017 2884 1224 2946 aliam.
1317 2885 1473 2946 cedo
1503 2885 1552 2946 si
1584 2886 1769 2947 breve
1799 2883 1976 2966 parvi

217 2981 441 3043 sortita
469 2986 564 3044 est
590 2981 806 3044 lateris
834 2981 1135 3063 spatium,
1170 2981 1542 3062 breviorque
1574 2981 1827 3044 videtur

218 3079 465 3159 virgine
497 3079 812 3160 Pygmaea
845 3080 1035 3140 nullis
1062 3079 1282 3140 adiuta
1311 3080 1664 3153 cothurnis,

215 3180 283 3239 et
309 3177 462 3239 levis
489 3180 699 3239 erecta
725 3177 1053 3256 consurgit
1079 3177 1161 3238 ad
1190 3177 1403 3239 oscula
1430 3178 1669 3258 planta.

298 3275 477 3337 nulla
507 3275 625 3337 viri
655 3295 807 3337 cura
834 3275 1076 3337 interea
1106 3295 1220 3337 nec
1248 3275 1491 3338 mentio
1520 3276 1630 3338 fiet

217 3373 620 3435 damnorum.
709 3373 870 3434 vivit
899 3377 1224 3454 tamquam
1256 3373 1465 3435 vicina
1493 3374 1730 3450 mariti,

217 3470 339 3533 hoc
367 3470 498 3532 solo
526 3471 785 3552 propior
814 3472 982 3550 quod
1014 3471 1247 3533 amicos
1281 3471 1571 3551 coniugis
1597 3472 1735 3533 odit

217 3571 282 3630 et
309 3587 538 3642 serv03,
572 3568 825 3647 gravior
851 3568 1226 3637 rationibus.
1318 3587 1462 3631 ecce
1491 3568 1767 3632 furentis

220 3665 518 3728 Bellonae
547 3665 895 3746 matrisque
924 3666 1119 3727 deum
1148 3666 1609 3729 chorus‘intrat
1636 3672 1701 3729 et
1729 3668 1953 3747 ingens

219 3761 497 3838 semivir,
530 3762 836 3825 obscaeno
863 3761 1059 3825 facies
1085 3763 1430 3827 reverenda
1456 3762 1712 3839 minori,

2339 293 2420 360 45

2307 547 2425 606 480

2302 1034 2422 1094 485

2301 1523 2424 1584 490

2303 2012 2421 2072 495

2302 2500 2421 2559 500

2303 2987 2421 3046 505

2305 3474 2423 3533 510
