2787 4328
402 273 486 340 92
1139 272 1201 316 D.
1254 272 1447 317 IVNII
1492 270 1874 317 IVVENALIS

1105 830 1372 892 LIBER
1428 831 1819 905 QVINTVS

1249 1041 1545 1094 SATVRA
1588 1042 1729 1093 XIII

399 1204 711 1287 Exemplo
740 1207 1186 1286 quodcumque
1214 1207 1381 1271 malo
1410 1208 1860 1283 committitur,
1890 1208 2015 1290 ipsi

396 1303 689 1384 displicet
715 1303 978 1366 auctori.
1069 1298 1275 1384 prima
1303 1309 1399 1365 est
1428 1304 1582 1366 11330
1610 1305 1774 1367 ultio
1804 1307 1974 1386 quod
2003 1327 2069 1368 se

396 1401 605 1464 iudice
635 1421 821 1463 nemo
849 1421 1081 1485 nocens
1109 1400 1478 1476 absolvitur,
1506 1402 1796 1483 improba
1823 1404 2112 1484 quamvis

395 1499 601 1581 gratia
627 1498 835 1561 fallaci
867 1498 1176 1580 praetoris
1204 1498 1428 1561 vicerit
1459 1498 1637 1561 111113.
2038 1488 2045 1493 ’

396 1597 552 1678 quid
581 1596 814 1660 sentire
842 1600 1031 1678 putas
1059 1616 1297 1671 omnes,
1333 1582 1620 1672 Calvine,
1653 1599 1892 1660 recenti

394 1695 473 1757 de
501 1696 729 1757 scelere
759 1699 825 1756 et
856 1682 1004 1758 fidei
1033 1695 1296 1756 violatae
1326 1686 1643 1777 crimine}³
1724 1698 1832 1769 sed
1863 1694 1979 1759 nec

394 1796 527 1854 tam
559 1793 768 1855 tenuis
795 1813 1017 1854 census
1046 1792 1486 1873 tibicontigit,
1521 1798 1597 1855 ut
1626 1776 1960 1857 mediocris
1986 1866 1991 1873 p

395 1890 671 1953 iacturae
700 1895 768 1952 te
792 1896 1036 1971 mergat
1064 1911 1245 1975 onus,
1280 1910 1399 1952 nec
1427 1882 1569 1954 1313
1594 1892 1886 1954 videmus
1920 1894 1939 1921 “

394 2009 553 2069 (11133
582 1989 843 2069 pateris3
888 1980 1065 2050 cas'us
1093 1988 1315 2050 multis
1342 1988 1773 2069 hic.cognitus
1800 2010 1873 2051 ac
1902 1990 2029 2052 iam

394 2086 586 2148 tritus
613 2090 682 2148 et
704 2107 739 2149 3
769 2087 977 2148 medio
1006 2087 1303 2148 fortunae
1331 2087 1567 2148 ductus
1595 2106 1838 2150 acervo.

390 2205 703 2268 ponamus
730 2186 960 2247 nimios
988 2185 1288 2265 gemitus.
1375 2185 1747 2266 flagrantior
1773 2207 1974 2267 aequo

389 2303 521 2346 non
550 2284 738 2345 debet
765 2283 944 2345 dolor
971 2303 1101 2345 esse
1129 2283 1249 2344 viri
1280 2304 1396 2344 nec
1429 2284 1685 2345 vulnere
1715 2285 1936 2346 maior.

390 2385 465 2442 tu
483 2380 783 2462 ‚quamvis
812 2380 1050 2442 levium
1063 2381 1413 2464 ‚minimam
1442 2381 1863 2461 exiguamque
1893 2384 2206 2458 malorum

386 2478 767 2561 particulam
797 2478 903 2540 vix
931 2480 1098 2540 ferre
1126 2483 1304 2559 potes
1332 2480 1781 2560 spumantibus
1808 2482 2034 2542 ardens

388 2576 750 2649 visceribus,
784 2596 1032 2638 sacrum
1063 2576 1179 2637 tibi
1211 2578 1380 2657 quod
1414 2597 1545 2638 non
1575 2578 1800 2639 reddat
1827 2578 2069 2639 amicus

386 2674 746 2756 depositum
768 2677 797 2735 ⁴?
879 2678 1094 2755 stupet
1122 2675 1275 2736 haec
1306 2674 1417 2754 qui
1448 2674 1575 2736 iam
1603 2679 1748 2755 post
1776 2679 1954 2755 terga
1982 2676 2242 2756 reliquit

386 2771 713 2852 sexaginta
739 2792 938 2834 annos
967 2772 1235 2834 Fonteio
1264 2773 1522 2835 consule
1551 2776 1741 2834 natus
1760 2775 1790 2834 ‘1'

385 2890 466 2933 an
496 2870 661 2931 nihil
690 2869 758 2931 in
790 2869 1016 2932 melius
1044 2873 1143 2931 tot
1171 2890 1383 2932 rerum
1414 2870 1667 2950 proficit
1695 2891 1815 2932 usu
1837 2874 1866 2932 ⁴?

384 2987 618 3066 magna
647 2967 927 3048 quidem,
962 2967 1151 3029 sacris
1180 2987 1342 3060 quyae
1374 2968 1485 3029 dat
1513 2973 1846 3056 praecepta
1872 2968 2125 3044 libellis,

385 3064 615 3129 victrix
643 3065 942 3127 fortunae
971 3065 1300 3145 sapientia,
1337 3066 1632 3127 ducimus
1659 3069 1875 3127 autem

384 3164 499 3225 hos
530 3182 782 3243 quoque
812 3162 1047 3235 felices,
1084 3163 1194 3243 qui
1224 3164 1391 3224 ferre
1423 3163 1824 3225 incommoda
1852 3164 2017 3227 vitae

385 3281 500 3323 nec
530 3260 760 3322 iactare
791 3259 1016 3341 iugum
1047 3260 1179 3322 vita
1209 3257 1484 3322 didicere
1513 3260 1837 3341 magistra.
1953 3328 1961 3338 ‚

387 3379 547 3440 quae
577 3362 707 3420 tam
737 3359 900 3420 festa
929 3357 1081 3432 dies,
1117 3362 1193 3418 ut
1221 3361 1418 3419 cesset
1445 3360 1710 3438 prodere
1739 3360 1950 3421 furem

384 3456 716 3540 perfidiam
747 3457 1004 3518 fraudes
1032 3460 1223 3536 atque
1252 3455 1427 3517 omni
1457 3476 1533 3517 ex
1563 3455 1829 3517 crimine
1857 3456 2110 3518 lucrum

386 3555 744 3636 quaesitum
774 3559 839 3617 et
867 3559 1079 3636 partos
1108 3554 1317 3635 gladio
1349 3554 1448 3615 vel
1479 3555 1710 3634 pyxide
1740 3575 2034 3616 nummos
2053 3557 2082 3615 ⁴?

384 3653 522 3716 rari=
542 3653 778 3735 quippe
806 3651 984 3716 boni:
1029 3650 1315 3726 numera,
1351 3651 1640 3715 vix‘sunt
1668 3652 1936 3714 totiliem
1970 3655 2127 3731 quot

385 3751 750 3814 Thebarum
779 3754 997 3832 portae
1026 3750 1123 3813 vel
1154 3749 1372 3813 divitis
1401 3750 1561 3813 ostia
1590 3749 1748 3811 Nili.

2516 2096 2596 2154 10

2512 2586 2591 2644 15

2507 3074 2588 3134 20

2508 3564 2583 3622 25
