2787 4328
1062 281 1328 328 SATVRA
1374 283 1501 328 XIV

130 438 370 514 atque
400 432 605 506 nesae,
639 433 899 495 tandem
930 432 1256 512 incipiunt
1283 431 1519 495 sentire
1546 434 1817 515 peractis

134 530 578 593 criminibus.
666 533 879 592 tamen
909 530 988 591 ad
1019 550 1222 592 mores
1250 533 1483 593 natura
1512 532 1783 593 recurrit

135 629 513 690 damnatos
542 629 668 689 fixa
696 632 762 689 et
789 627 1024 688 mutari
1057 628 1283 690 nescia.
1371 648 1523 690 nam
1554 629 1697 709 quis

141 725 485 807 peccandi
516 726 708 787 finem
737 726 953 806 posuit
982 725 1100 786 sibi
1121 728 1150 785 ‘P
1234 727 1491 805 quando
1519 726 1759 807 recepit

142 825 453 886 eiectum
487 825 675 885 semel
707 824 930 885 attrita
959 824 1036 885 de
1065 824 1279 885 fronte
1308 825 1605 886 ruborem
1625 827 1654 884 ?

144 922 476 1001 quisnam
504 921 842 983 hominum
872 925 967 984 est
997 940 1190 1000 quem
1219 925 1292 981 tu
1323 926 1700 983 contentum
1729 912 1961 1001 videris
1989 942 2121 986 uno
2208 941 2215 951 ¹

147 1019 421 1099 flagitio
442 1022 471 1079 Ῥ
555 1019 731 1081 dabit
761 1019 827 1079 in
858 1018 1158 1098 laqueum
1190 1018 1455 1098 vestigia
1484 1023 1695 1081 noster

146 1118 461 1198 perfidus
489 1120 556 1178 et
585 1117 752 1197 nigri
783 1116 1064 1198 patietur
1093 1116 1356 1178 carceris
1386 1136 1628 1178 uncum

150 1218 289 1276 aut
319 1214 513 1276 maris
543 1214 776 1295 Aegaei
807 1234 1032 1294 rupem
1061 1214 1475 1294 scopulosque
1503 1215 1865 1294 frequentes

153 1313 475 1374 exulibus
506 1312 768 1391 magnis,
865 1332 1065 1392 poena
1093 1312 1398 1392 gaudebis
1427 1333 1639 1374 amara

151 1410 457 1473 nominis
486 1410 672 1471 invisi
704 1411 1089 1490 tandemque
1119 1411 1397 1473 fatebere
1424 1411 1629 1472 laetus

153 1528 293 1570 nec
322 1507 591 1569 surdum
621 1526 738 1569 nec
767 1507 1065 1569 Teresian
1097 1526 1483 1588 quemquam
1512 1526 1641 1569 esse
1671 1507 1953 1570 deorum.

1035 1745 1333 1800 SATVRA
1374 1745 1506 1798 XIV

166 1896 470 1972 Plurima
498 1898 671 1968 sunt,
705 1895 1001 1969 Fuscine,
1034 1898 1100 1957 et
1127 1896 1298 1956 fama
1326 1893 1523 1973 digna
1551 1893 1803 1957 sinistra

165 1998 240 2057 et
270 1992 841 2071 nitidis-maculam
871 1993 1204 2054 haesuram
1234 1992 1498 2072 figentia
1528 1994 1734 2067 rebus,

168 2112 344 2174 quae
375 2093 735 2153 monstrant
762 2090 878 2172 ipsi
914 2090 1126 2170 pueris
1155 2090 1550 2170 traduntque
1579 2095 1894 2171 parente&

167 2192 230 2253 si
261 2192 567 2251 damnosa
594 2210 806 2252 senem
836 2189 1015 2251 iuvat
1043 2190 1197 2262 alea,
1230 2189 1402 2251 ludit
1430 2193 1494 2254 et
1522 2190 1704 2251 heres

168 2290 465 2351 bullatus
493 2308 810 2368 parvoque
838 2287 1055 2349 eadem
1086 2289 1297 2349 movet
1324 2307 1500 2349 arma
1528 2288 1775 2350 fritillo,

170 2406 299 2449 neo
327 2385 555 2448 melius
584 2386 662 2447 de
691 2405 755 2447 se
782 2385 1079 2465 cuiquam
1111 2405 1357 2465 sperare
1386 2386 1748 2465 propinquo

172 2484 486 2548 concedet
514 2482 782 2555 iuvenis,
818 2482 929 2562 qui
957 2483 1174 2545 radere
1203 2484 1428 2544 tubera
1455 2486 1680 2557 terrae,

176 2583 464 2645 boletum
497 2580 755 2642 condire
784 2584 848 2642 et
875 2581 1097 2642 eodem
1127 2580 1265 2642 iure
1295 2579 1577 2642 natantis

177 2699 466 2760 mergere
495 2678 792 2739 ficedulas
820 2678 1049 2740 didicit
1076 2678 1391 2740 nebulone
1421 2681 1685 2758 parente

180 2783 250 2842 et
277 2797 436 2840 cana
463 2779 858 2838 monstrante
884 2776 1064 2855 gula3
1109 2795 1257 2837 oum
1287 2775 1596 2853 septimus
1623 2796 1831 2839 annus

179 2875 508 2938 transierit
537 2894 829 2954 puerum,
864 2873 1152 2935 nondum
1182 2873 1358 2934 omni
1388 2873 1580 2934 dente
1609 2877 1849 2948 renat0‚

99 3025 116 3030 -
180 2974 477 3037 barbatos
506 2971 656 3033 licet
682 2972 1015 3033 admoveas
1042 2971 1219 3033 mille
1250 2970 1400 3032 inde
1429 2970 1783 3050 magistrOS,

181 3071 248 3133 hi
259 3091 338 3132 nc
366 3069 659 3143 totidem,
692 3068 907 3150 cupiet
933 3069 1111 3131 lauto
1139 3089 1361 3131 cenare
1390 3071 1618 3149 paratu

184 3188 432 3249 semper
459 3170 524 3229 et
551 3188 589 3229 a
615 3187 847 3247 magna
875 3187 1005 3228 non
1035 3167 1415 3247 degenerare
1445 3166 1677 3228 culina.

184 3267 408 3328 mitem
438 3265 727 3327 animum
755 3268 821 3326 et
849 3284 1052 3326 mores
1080 3263 1348 3326 modicis
1377 3264 1696 3326 erroribus
1724 3284 1955 3346 aequos

185 3362 494 3446 praecipit
521 3366 713 3442 atque
740 3362 983 3424 animas
1011 3381 1335 3423 servorum
1365 3365 1431 3424 et
1459 3381 1721 3442 corpora.
1747 3365 1965 3426 nostra

189 3461 450 3525 materia
477 3465 762 3523 constare
791 3464 979 3540 putat
1007 3460 1389 3540 paribusque
1418 3460 1767 3535 elementis,

186 3584 266 3624 an
296 3560 530 3622 saevire
559 3560 742 3620 docet
772 3559 1029 3620 Rutilus
1059 3559 1169 3638 qui
1197 3559 1435 3638 gaudet
1462 3559 1683 3620 acerbo

186 3661 517 3741 plagarum
549 3657 814 3739 strepitu
848 3660 913 3719 et
940 3657 1187 3719 nullam
1218 3656 1441 3719 Sirena
1469 3656 1733 3736 flagellis

188 3759 509 3838 conparat,
544 3754 930 3839 Antiphates
961 3754 1191 3838 trepidi
1219 3754 1370 3816 laris
1398 3774 1471 3816 ao
1502 3754 1951 3835 Polyphemus,

2255 592 2381 693 '240

2261 1121 2381 1181 245
2440 1182 2444 1186 .

2310 2778 2387 2838 10

2310 3267 2385 3327 15

2311 3757 2389 3817 20
