2787 4328
392 251 513 317 106
1120 266 1185 312 n.
1234 266 1430 313 num
1473 266 1861 313 lvvsxams

383 417 727 491 curriculo,
761 436 951 497 quem
981 415 1033 478 si
1064 436 1335 490 revoces,
1367 416 1710 478 subsistere
1739 418 1944 479 nescit

384 524 450 577 et
478 520 541 578 te
568 518 937 595 contempto
966 515 1214 594 rapitur
1242 515 1554 594 metisque
1586 515 1840 577 relictis.

386 632 575 674 nemo
602 612 755 673 satis
781 612 985 673 credit
1013 615 1265 673 tantum
1299 612 1674 691 delinquere
1705 616 2023 691 quantum

386 710 746 790 permitta33
790 709 946 770 adeo
976 708 1315 788 indulgent
1338 709 1456 771 sibi
1489 709 1682 770 latius
1712 710 1854 788 ipsi.

386 829 535 870 cum
564 808 722 870 dicis
748 807 965 868 iuveni
994 806 1292 878 stultum,
1327 806 1440 886 qui
1468 808 1666 869 donet
1691 808 1918 881 amico,

388 906 499 986 qui
528 909 969 985 paupertatem
996 904 1164 966 levet
1190 904 1571 984 attollatque
1600 905 1969 986 propinqui,

385 1009 452 1065 et
479 994 746 1083 spoliare
772 1003 959 1065 doces
988 1007 1055 1063 et
1083 1002 1598 1064 circumscribere
1626 1007 1692 1065 et
1719 1003 1896 1065 omni

386 1101 654 1164 crimine
680 1100 937 1162 divitias
964 1100 1324 1180 adquirere,
1352 1119 1626 1180 quarum
1654 1120 1833 1162 amor
1861 1100 1929 1161 in
1959 1104 2025 1162 te

387 1203 667 1279 quantus
694 1203 830 1260 erat
856 1198 1101 1279 patriae
1130 1197 1476 1260 Deciorum
1506 1198 1574 1258 in
1603 1202 1879 1278 pectore,
1914 1201 2233 1278 quantum

385 1297 614 1359 dilexit
640 1296 913 1371 Thebas,
946 1296 999 1358 si
1031 1295 1293 1358 Graecia
1319 1316 1488 1370 vera,
1523 1296 1921 1369 Menoeceus,

386 1395 456 1456 in
485 1414 759 1474 quorum
788 1394 980 1456 sulcis
1006 1392 1285 1474 legiones
1314 1393 1615 1455 dentibus
1641 1393 1870 1474 anguis

385 1512 535 1554 cum
563 1493 783 1572 clipeis
813 1496 1165 1553 nascuntur
1192 1495 1259 1552 et
1286 1490 1546 1553 horrida
1572 1491 1739 1552 bella
1765 1493 2105 1571 capessunt

385 1590 715 1665 continuo,
748 1594 1076 1669 tamquam
1105 1593 1172 1651 et
1199 1589 1463 1650 tubicen
1491 1588 1838 1650 surrexerit
1867 1607 2013 1650 una.

384 1709 535 1770 ergo
564 1690 800 1769 ignem,
833 1687 1018 1749 cuius
1045 1686 1354 1749 scintillas
1382 1687 1516 1767 ipse
1542 1685 1800 1760 dedisti,

385 1788 761 1866 flagrantem
792 1786 922 1848 late
951 1788 1016 1847 et
1045 1785 1399 1865 rapientem
1426 1788 1660 1847 cuncta
1686 1783 1950 1846 videbis.

384 1905 502 1947 nec
531 1884 649 1946 tibi
679 1887 973 1965 parcetur
1002 1882 1252 1956 misero,
1287 1881 1741 1962 trepidumque
1770 1881 2150 1961 magistrum

384 1983 454 2043 in
481 2001 667 2043 cavea
696 1999 925 2059 magno
953 1979 1218 2042 fremitu
1248 1980 1346 2041 leo
1376 1980 1560 2041 tollet
1585 1979 1909 2041 alumnus.

385 2086 537 2141 nota
565 2077 1028 2141 mathematicis
1056 2077 1304 2157 genesis
1333 2080 1469 2150 tua,
1503 2077 1610 2138 sed
1640 2096 1830 2157 grave
1858 2077 2072 2139 tardas

382 2181 713 2258 expectare
741 2177 944 2252 colus3
992 2176 1277 2237 morieris
1305 2176 1575 2238 stamine
1605 2176 1896 2237 nondum

381 2276 674 2356 abrupto.
762 2275 889 2335 iam
921 2293 1093 2335 nunc
1122 2274 1331 2335 obstas
1357 2276 1424 2335 et
1450 2277 1599 2335 vota
1627 2273 1913 2347 moraris,

383 2374 509 2435 iam
540 2375 795 2452 torquet
824 2371 1119 2433 iuvenem
1148 2371 1340 2450 longa
1367 2375 1434 2432 et
1460 2370 1717 2432 cervina
1744 2374 2053 2432 senectus.

383 2471 558 2532 ocius
585 2469 1014 2549 Archigenem
1045 2489 1275 2548 quaere
1303 2472 1497 2548 atque
1525 2488 1662 2530 eme
1692 2468 1862 2548 quod
1896 2467 2306 2530 Mithridates

382 2567 768 2648 composuit;
813 2566 865 2628 si
898 2567 990 2628 vis
1018 2566 1209 2628 aliam
1240 2566 1576 2646 decerpere
1606 2567 1797 2627 ficum
2035 2573 2054 2590 ‘

382 2670 575 2746 atque
601 2665 755 2727 alias
784 2668 1053 2726 tractare
1083 2684 1272 2738 rosas,
1309 2664 1703 2725 medicamen
1731 2663 2099 2725 habendum
2128 2667 2245 2738 est,
2323 2700 2328 2704 ·

383 2765 629 2827 sorbere
656 2766 805 2825 ante
833 2761 1049 2824 cibum
1080 2762 1250 2841 quod
1282 2762 1507 2824 debeat
1535 2765 1600 2823 et
1629 2764 1810 2842 pater
1836 2765 1902 2823 et
1929 2761 2090 2822 rex.'

463 2864 747 2923 monstro
777 2859 1168 2940 voluptatem
1199 2859 1542 2938 egregiam,
1576 2858 1682 2920 cui
1712 2859 1891 2920 nulla
1920 2858 2190 2933 theatra,

382 2960 562 3021 nulla
590 2977 857 3038 aequare
887 2977 1076 3038 queas
1104 2958 1414 3037 praetoris
1441 2957 1696 3037 pulpita
1720 2955 1908 3042 lauti,

385 3058 435 3120 si
466 3061 709 3137 spectes
738 3060 977 3135 quanto
1007 3054 1233 3135 capitis
1261 3054 1631 3117 discrimine
1659 3057 1954 3116 constent

384 3156 777 3217 incrementa
806 3153 1053 3226 domus,
1088 3156 1300 3215 aerata
1327 3153 1575 3213 multus
1603 3150 1672 3212 in
1702 3171 1847 3213 arca

384 3255 571 3316 fiscus
598 3256 663 3314 et
691 3251 771 3313 ad
801 3250 1060 3331 vigilem
1089 3250 1369 3330 ponendi
1403 3250 1663 3312 Castora
1691 3248 1942 3310 nummi

383 3371 461 3413 ex
490 3370 616 3430 quo
647 3348 818 3410 Mars
846 3349 1035 3410 Vltor
1060 3348 1305 3428 galeam
1335 3367 1587 3427 quoque
1614 3347 1896 3428 perdidit
1923 3348 1989 3408 et
2016 3365 2115 3409 res

385 3469 513 3510 non
541 3446 757 3529 potuit
786 3465 1028 3508 servare
1057 3465 1217 3507 suas,
1307 3464 1458 3525 ergo
1486 3445 1701 3507 omnia
1730 3443 1953 3507 Florae

382 3551 447 3608 et
478 3545 720 3608 Cereris
747 3544 898 3606 licet
925 3546 989 3605 et
1019 3541 1280 3622 Cybeles
1306 3542 1527 3605 aulaea
1556 3542 1907 3620 relinquas3

382 3647 564 3706 tanto
592 3642 857 3704 maiores
883 3641 1165 3701 humana
1194 3639 1450 3720 negotia
1475 3639 1636 3701 ludi.

381 3763 463 3805 an
493 3740 695 3821 magis
724 3739 1042 3801 oblectant
1069 3737 1356 3799 animum
1387 3737 1619 3798 iactata
1646 3742 1910 3817 petauro

2477 812 2604 871 235

2474 1301 2602 1358 240

2473 1789 2607 1848 245

2474 2279 2598 2337 250

2472 2769 2595 2827 255

2472 3256 2594 3315 260

2420 3765 2427 3772 ·
2471 3744 2592 3805 265
