2787 4328
410 321 528 367 112
1138 317 1202 362 D.
1253 316 1451 364 IVNII
1494 315 1879 362 IVVENALIS

398 489 514 551 pro
541 470 674 532 vita
701 469 995 533 facienda
1020 471 1278 550 putant,
1312 467 1421 529 sed
1453 466 1769 529 Cantaber
1797 467 1971 529 unde

396 570 632 630 stoicus
659 567 912 648 antiqui
942 565 1313 649 praesertim
1343 568 1551 627 aetate
1581 564 1874 626 Metelli?

360 727 374 739 ,
396 686 573 728 nunc
601 669 776 728 totus
806 664 1026 751 Graias
1057 669 1429 744 nostrasque
1459 663 1650 724 habet
1679 662 1848 725 orbis
1876 662 2186 737 Athenas,

397 764 604 828 Gallia
630 762 979 826 causidicos
1007 762 1230 824 docuit
1258 761 1540 822 facunda
1571 760 1933 834 Britannos,

395 863 475 924 de
502 862 917 924 conducendo
944 860 1235 941 loquitur
1264 859 1391 921 iam
1422 858 1675 921 rhetore
1705 859 1928 938 Thyle.

395 959 626 1022 nobilis
655 960 761 1021 ille
790 962 1003 1020 tamen
1033 957 1311 1039 populus
1340 975 1535 1037 (1110111
1563 956 1868 1030 diximus,
1900 960 1967 1018 et
1993 976 2110 1038 par

395 1056 634 1119 virtute
662 1061 855 1138 atque
883 1057 1008 1118 fide
1037 1056 1143 1117 sed
1175 1054 1377 1117 maior
1405 1054 1583 1116 clade
1614 1054 1969 1134 Zacynthos

395 1154 521 1216 tale
551 1155 708 1234 quid
736 1157 1025 1216 excusat:
1071 1152 1389 1215 Maeotide
1419 1152 1660 1214 saevior
1686 1172 1794 1214 ara

395 1254 740 1333 Aegyptos.
829 1251 1066 1333 quippe
1096 1251 1207 1313 illa
1234 1250 1500 1312 nefandi
1531 1249 1806 1312 Taurica
1833 1250 1992 1312 sacri

395 1345 718 1409 inventrix
745 1345 1194 1421 homines—ut
1224 1343 1351 1405 iam
1381 1363 1543 1425 quae
1572 1343 1855 1405 carmina
1884 1344 2173 1418 tradunt,

394 1443 591 1523 digna
618 1444 744 1507 fide
770 1444 1324 1505 credas—tantum
1356 1441 1667 1516 immolat,
1702 1441 1973 1503 ulterius
2000 1441 2095 1503 nil

394 1544 509 1602 aut
536 1541 790 1621 gravius
818 1541 1027 1602 cultro
1057 1540 1243 1601 timet
1270 1539 1499 1601 hostia.
1591 1539 1734 1625 quis
1762 1539 1951 1601 modo
1979 1557 2159 1600 casus

395 1638 638 1720 inpulit
663 1638 779 1700 hos
798 1640 828 1698 ⁰?
911 1658 1071 1719 quae
1102 1640 1282 1699 tanta
1311 1638 1512 1699 fames
1541 1636 1902 1718 infestaque
1932 1636 2098 1698 vallo

393 1755 570 1798 arma
597 1738 943 1816 coegerunt
973 1739 1103 1797 tam
1133 1735 1504 1797 detestabile
1533 1730 1893 1796 monstrum

393 1834 628 1895 audere
646 1836 676 1894 ⁰?
757 1853 922 1895 anne
950 1833 1139 1895 aliam
1171 1835 1338 1894 terra
1367 1832 1793 1913 Memphitide
1822 1831 1985 1893 sicca

393 1930 701 1992 invidiam
730 1931 1012 1992 facerent
1042 1930 1284 1991 nolenti
1313 1949 1570 2010 surgere
1600 1929 1753 1991 Nilo
1771 1931 1801 1990 ⁴?

2088 550 2130 611 7o

394 2048 521 2109 qua
550 2049 664 2090 nec
694 2028 1006 2090 terribiles
1037 2027 1281 2090 Cimbri
1312 2047 1429 2089 1100
1460 2027 1785 2089 Brittones
1812 2047 2123 2108 umquam

394 2126 927 2208 Sauromataeque
956 2129 1166 2187 truces
1193 2129 1308 2188 aut
1335 2125 1625 2188 inmanes
1654 2124 2023 2206 Agathyrsi,

391 2225 511 2287 hac
539 2224 736 2300 saevit
765 2224 935 2286 rabie
965 2224 1200 2287 inbelle
1229 2227 1295 2285 et
1323 2223 1557 2285 inutile
1587 2224 1842 2303 vulgus,

392 2322 658 2403 parvula
686 2322 990 2383 fictilibus
1018 2321 1280 2383 solitum
1308 2322 1461 2382 dare
1490 2321 1628 2383 vela
1654 2320 1929 2401 phaselis

392 2423 457 2480 et
484 2419 779 2481 brevibus
809 2419 1016 2500 pictae
1047 2418 1237 2481 remis
1265 2418 1637 2480 incumbere
1666 2421 1884 2504 testae.

392 2536 510 2578 1100
538 2537 806 2598 poenam
836 2516 1051 2578 sceleri
1080 2516 1366 2579 invenies
1393 2536 1511 2577 nec
1540 2516 1736 2596 digna
1764 2515 2013 2597 parabis

392 2615 705 2696 supplicia
732 2614 833 2676 his
859 2614 1136 2695 populis,
1171 2614 1240 2675 in
1270 2634 1548 2695 quorum
1577 2617 1791 2675 mente
1818 2632 2001 2694 pares
2029 2616 2183 2675 sunt

390 2715 456 2773 et
484 2711 718 2773 similes
746 2712 839 2773 ira
866 2717 1059 2791 atque
1088 2712 1309 2772 fames.
1396 2710 1767 2772 mollissima
1795 2710 1985 2772 corda

391 2810 672 2870 humano
702 2809 917 2888 generi
948 2810 1096 2870 dare
1125 2829 1189 2870 se
1218 2812 1450 2870 natura
1479 2809 1745 2882 fatetur,

391 2926 551 2988 quae
580 2905 869 2968 lacrimas
898 2906 1104 2983 dedit3
1150 2907 1308 2968 haec
1336 2906 1539 2968 nostri
1568 2926 1714 2987 pars
1742 2905 1987 2987 optima
2015 2926 2255 2969 sensus.

388 3003 636 3084 plorare
666 3022 815 3083 ergo
844 3004 1021 3066 iubet
1049 3024 1301 3066 causam
1334 3004 1605 3065 dicentis
1632 3004 1822 3066 amici

388 3101 870 3181 squaloremque
898 3101 1012 3176 rei,
1047 3102 1373 3183 pupillum
1405 3102 1483 3163 ad
1516 3102 1656 3163 iura
1689 3106 2019 3164 vocantem

388 3197 1025 3278 circumscriptorem,
1059 3199 1244 3260 cuius
1272 3199 1603 3261 manantia
1631 3199 1788 3260 fletu

388 3315 496 3357 ora
524 3297 834 3377 puellares
862 3297 1113 3359 faciunt
1142 3298 1385 3359 incerta
1414 3296 1648 3377 capilli.

387 3398 654 3456 naturae
682 3394 948 3474 imperio
976 3395 1313 3475 gemimus,
1348 3415 1496 3456 cum
1526 3396 1729 3456 funus
1756 3396 2012 3457 adultae

390 3490 652 3569 virginis
681 3492 956 3552 occurrit
985 3492 1083 3552 vel
1113 3496 1279 3553 terra
1308 3491 1635 3552 clauditur
1664 3492 1879 3553 infans

387 3592 452 3649 et
480 3588 690 3649 minor
721 3588 870 3669 igne
900 3589 1058 3667 rogi.
1148 3589 1291 3669 quis
1320 3588 1493 3650 enim
1524 3589 1730 3652 bonus
1758 3594 1824 3651 et
1852 3590 1989 3651 face
2017 3589 2255 3670 dignus

276 3757 291 3770 .
388 3705 635 3758 arcana,
672 3687 924 3766 qualem
957 3686 1200 3749 Cereris
1229 3687 1371 3748 vult
1400 3707 1529 3748 esse
1559 3688 1865 3761 sacerdos,

390 3782 522 3844 ulla
548 3782 754 3844 aliena
781 3783 901 3844 sibi
929 3784 1134 3847 credit
1161 3785 1328 3846 mala
1345 3786 1375 3845 P
1458 3788 1710 3865 separat
1737 3785 1858 3847 hoc
1885 3804 2002 3847 nos

2495 667 2630 726 110

2485 1156 2616 1216 115

2482 1640 2608 1700 120

2481 2130 2601 2190 125

2477 2618 2600 2678 130

2476 3107 2594 3167 135

2478 3595 2595 3654 140
