2787 4328
0 2021 23 2083 ἓ

1093 288 1360 336 ΒΑτνΒΑ
1406 288 1546 334 v111
2337 288 2418 359 59

209 439 489 516 Silanus,
525 460 926 521 quocumque
952 440 1080 503 alio
1107 441 1187 503 de
1215 440 1548 521 sanguine,
1581 460 1761 502 rarus

209 539 365 601 civis
392 542 458 601 et
485 537 778 618 egregius
805 538 1047 619 patriae
1074 538 1397 619 contingis
1426 538 1673 614 ovanti3

208 637 558 699 exclamare
591 636 765 710 libet,
799 636 1074 717 populus
1102 637 1272 716 quod
1301 637 1535 698 clamat
1567 636 1732 698 Osiri

208 724 493 798 invento.
583 734 726 814 quis
752 734 923 795 enim
952 750 1327 814 generosum
1356 734 1593 795 dixerit
1620 734 1794 796 hunc
1825 734 1936 815 qui
2335 740 2414 798 30

210 832 519 912 indignus
546 852 774 912 genere
801 836 867 894 et
894 832 1213 913 praeclaro
1242 832 1503 894 nomine
1534 835 1787 893 tantum

210 930 479 1010 insignis
497 932 527 991 Ῥ
569 950 813 993 nanum
841 930 1172 991 cuiusdam
1200 930 1470 991 Atlanta
1500 949 1815 1003 vocamUS,

211 1028 595 1108 Aethiopem
623 1028 937 1108 Cycnum,
971 1048 1228 1109 pravam
1259 1032 1700 1107 extortamque
1727 1031 2006 1107 puellam

211 1125 545 1287 Qm
588 1125 851 1188 canibus
879 1125 1080 1206 pigris
1107 1126 1437 1206 scabieque
1466 1128 1715 1188 vetusta

197 1212 458 1305 'levibus
479 1227 547 1284 et
574 1222 772 1285 siccae
799 1223 1227 1286 lambentibus
1254 1241 1363 1285 ora
1389 1223 1686 1285 lucernae
2222 1272 2225 1275 η
2333 1230 2411 1288 35

210 1341 444 1383 nomen
471 1321 595 1384 erit
621 1322 857 1401 pardus
885 1321 1069 1401 tigris
1094 1322 1215 1395 leo,
1250 1321 1302 1383 si
1334 1321 1490 1402 quid
1520 1321 1731 1383 adhuc
1758 1325 1855 1384 est

209 1420 380 1499 quod
409 1420 646 1481 fremat
674 1408 958 1481 interris
988 1419 1357 1496 violentius3
1403 1438 1555 1498 ergo
1581 1418 1847 1481 cavebis'

206 1520 272 1580 et
299 1521 550 1579 metues
578 1537 660 1579 ne
689 1519 762 1577 tu
791 1516 879 1579 sic
910 1516 1196 1578 Creticus
1223 1521 1337 1578 aut
1368 1516 1759 1578 Camerinus·

287 1616 390 1679 his
420 1635 536 1696 ego
565 1636 756 1695 quem
784 1615 1055 1676 monui?
1137 1619 1349 1677 tecum
1379 1619 1477 1677 est
1504 1614 1667 1676 mihi
1696 1635 1922 1690 serm0,
1957 1616 2208 1679 Rubelli

206 1713 473 1775 Blande.
566 1719 776 1774 tumes
803 1712 933 1789 alto
963 1712 1322 1774 Drusorum
1352 1715 1709 1786 stemmate,
1743 1716 2071 1792 tamquam
2144 1738 2253 1789 ss
2331 1718 2410 1776 40

238 1809 436 1872 eceris
455 1810 597 1891 ipse
625 1806 870 1908 Qquid
897 1814 1160 1890 propter
1187 1810 1359 1889 quod
1390 1809 1620 1872 nobilis
1648 1829 1829 1884 esses,

199 1794 283 1995 ἑὲ
301 1884 384 1969 ἷὲ
405 1902 765 1988 conciperet
796 1927 957 1987 quae
987 1908 1297 1987 sanguine
1325 1908 1538 1988 fulget
1567 1907 1716 1981 Iuli,

205 2027 339 2068 non
368 2026 528 2086 quae
558 2009 818 2083 ventoso
846 2005 1164 2066 conducta
1192 2006 1309 2066 sub
1338 2024 1567 2085 aggere
1598 2005 1778 2067 texit.

209 2105 227 2133 ‘
250 2123 360 2167 vos
387 2103 663 2168 humiles
683 2103 701 2131 '
735 2102 950 2183 inquis
982 2103 999 2132 ‘
1024 2103 1191 2183 volgi
1220 2123 1365 2183 pars
1395 2102 1624 2164 ultima
1652 2102 1876 2178 nostri,

204 2222 482 2282 quorum
512 2222 699 2263 nemo
728 2206 920 2281 queat
947 2201 1221 2282 patriam
1250 2206 1607 2264 monstrare
1636 2202 1941 2282 parentis,
2330 2208 2409 2266 45

203 2303 304 2362 ast
332 2319 447 2379 ego
479 2298 903 2379 Cecropides)
991 2299 1162 2360 vivas
1190 2303 1256 2360 et
1284 2298 1552 2379 originis
1578 2299 1772 2360 huius

203 2395 441 2477 gaudia
467 2396 659 2475 longa
684 2396 868 2457 feras.
959 2399 1176 2456 tamen
1206 2395 1335 2457 ima
1364 2396 1548 2476 plebe
1580 2395 1897 2471 Quiritem

203 2494 562 2555 facundum
591 2492 893 2569 invenieS,
929 2491 1094 2556 solet
1119 2492 1226 2555 hic
1254 2493 1595 2555 defendere
1623 2512 1840 2554 causas

206 2591 438 2653 nobilis
465 2589 738 2666 indocti3
782 2590 998 2652 veniet
1026 2591 1104 2653 de
1134 2589 1317 2672 plebe
1347 2594 1562 2671 togata

204 2689 318 2769 qui
348 2688 506 2750 iuris
533 2688 733 2750 nodos
758 2691 824 2750 et
851 2688 1068 2770 legum
1096 2689 1456 2770 aenigmata
1486 2690 1715 2765 solvat3
2328 2694 2406 2753 50

203 2787 312 2848 hic
339 2786 505 2867 petit
533 2786 911 2878 Euphraten
940 2786 1187 2848 iuvenis
1215 2786 1572 2866 domitique
1603 2787 1828 2849 Batavi

203 2884 496 2947 custodes
519 2882 766 2975 aquilas
784 2883 986 2946 armis
1013 2883 1388 2946 industrius,
1480 2888 1547 2945 at
1575 2888 1649 2945 tu

203 2982 300 3043 nil
330 2982 452 3043 nisi
483 2982 880 3062 Cecropides,
912 2985 1267 3060 truncoque
1297 2981 1664 3044 simillimus
1694 2983 1988 3046 Hermae.

200 3078 387 3141 nullo
414 3079 651 3160 quippe
679 3079 803 3141 alio
831 3078 1034 3142 vincis
1061 3079 1430 3140 discrimine
1459 3099 1650 3159 quam
1680 3080 1849 3160 quod

203 3176 302 3237 illi
331 3196 757 3238 marmoreum
787 3180 980 3257 caput
1008 3181 1123 3251 est,
1157 3179 1271 3238 tua
1301 3176 1460 3237 vivit
1488 3176 1720 3257 imago.
2324 3183 2404 3243 55

201 3274 309 3336 dic
337 3274 520 3363 mihi,
555 3274 948 3337 Teucrorum
976 3274 1204 3355 proles,
1237 3274 1540 3336 animalia
1567 3279 1748 3336 muta

201 3372 349 3453 quis
374 3392 675 3453 generosa
701 3376 888 3453 putet
915 3371 1040 3433 nisi
1069 3371 1286 3434 sortia.
1378 3392 1607 3453 nempe
1637 3373 1958 3437 volucrem

199 3471 291 3534 sic
318 3471 654 3533 laudamus
683 3490 943 3551 equum,
977 3469 1152 3532 facili
1182 3469 1287 3531 cui
1317 3471 1599 3551 plurima
1627 3471 1840 3551 palma

198 3570 410 3632 servet
437 3572 503 3630 et
531 3569 780 3631 exultat
808 3588 997 3631 rauco
1028 3567 1290 3629 victoria
1316 3568 1514 3643 circo;

199 3666 436 3729 nobilis
464 3665 590 3740 hic,
625 3685 1026 3746 quocumque
1056 3665 1230 3727 venit
1259 3665 1339 3726 de
1369 3664 1677 3745 gramine,
1711 3666 1891 3729 cuius
2326 3673 2404 3731 60

199 3764 375 3826 clara
400 3763 559 3843 fuga
583 3767 732 3825 ante
760 3762 918 3824 alios
945 3764 1009 3824 et
1037 3761 1284 3842 primus
1312 3761 1382 3823 in
1411 3780 1679 3841 aequore
1708 3764 1937 3844 pulvis.

2014 2866 2047 2924 Ἴ,
