2787 4328
447 278 526 341 88
1175 287 1237 332 D.
1289 286 1483 333 IVNII
1528 286 1912 333 IVVENALIS

442 439 962 521 spargendusque
991 457 1187 514 mero,
1221 457 1415 519 quem
1442 437 1571 500 iam
1600 438 1806 519 pudet
1833 438 2028 500 ubera
2054 437 2278 500 matris

441 538 692 612 ducere,
729 537 841 618 qui
871 539 1057 599 vexat
1086 536 1369 598 nascenti
1401 536 1625 598 robora
1652 555 1872 598 cornu.

441 636 493 697 si
522 654 620 697 res
646 634 856 715 ampla
885 633 1057 695 domi
1088 633 1439 713 similisque
1468 634 1828 696 adfectibus
1854 637 2037 707 esset,

441 732 744 813 pinguior
775 731 1076 810 Hispulla
1106 731 1466 793 traheretur
1495 735 1718 793 taurus
1745 735 1811 793 et
1839 731 1982 812 ipsa

443 830 607 892 mole
634 830 834 910 piger,
871 849 989 890 nec
1021 829 1296 891 finitima
1324 829 1614 891 nutritus
1632 829 1711 890 'in
1739 828 1957 903 herba,

444 928 606 989 laeta
633 928 741 989 sed
770 927 1108 989 ostendens
1139 927 1457 989 Clitumni
1486 938 1719 1007 pascua
1745 926 2004 1008 sanguis

315 1091 326 1101 ‚
441 1024 564 1085 iret
590 1028 655 1085 et
682 1045 720 1085 a
746 1024 976 1103 grandi
1005 1024 1218 1095 cervix
1246 1016 1536 1086 ferienda
1563 1023 1860 1085 ministro

441 1122 520 1184 ob
550 1121 830 1183 reditum
860 1093 1245 1202 trepida'ntis
1271 1121 1953 1202 adhuc,horrendaque
1980 1120 2145 1202 passi

439 1237 645 1299 nuper
672 1221 738 1280 et
768 1218 1151 1280 incolumem
1182 1238 1310 1280 sese
1339 1218 1634 1280 mirantis
1661 1218 1873 1281 amici.

440 1336 590 1378 nam
618 1319 869 1396 praeter
897 1316 1106 1396 pelagi
1135 1336 1315 1378 casus
1341 1321 1410 1378 et
1436 1316 1732 1378 fulminis
1758 1316 1926 1378 ictus

441 1413 657 1475 evasit.
748 1414 977 1476 densae
1005 1415 1254 1476 caelum
1282 1414 1664 1477 abscondere
1693 1415 1987 1477 tenebrae

440 1511 609 1572 nube
640 1531 769 1572 una
796 1511 1170 1591 subitusque
1197 1516 1530 1574 antemnas
1557 1512 1803 1592 inpulit
1820 1511 2019 1591 ignis,

441 1628 681 1669 cumse
712 1607 978 1688 quisque
1008 1608 1120 1671 illo
1148 1628 1517 1690 percussum
1547 1610 1832 1672 crederet
1858 1614 1924 1670 et
1952 1629 2100 1671 mox

440 1705 754 1767 attonitus
783 1705 1035 1766 nullum
1066 1705 1342 1768 conferri
1371 1726 1551 1786 posse
1579 1710 1839 1787 putaret

442 1802 850 1882 naufragium
882 1803 1035 1879 velis
1064 1803 1453 1865 ardentibus.
1545 1803 1759 1866 omnia
1787 1805 1957 1866 fiunt

440 1900 593 1962 talia
622 1903 753 1961 tam
779 1900 1080 1981 graviter,
1112 1900 1163 1962 si
1195 1901 1451 1981 quando
1478 1901 1726 1981 poetica
1752 1901 1960 1981 surgit

441 2001 801 2078 tempestas.
889 2017 1089 2076 genus
1117 2018 1258 2060 ecce
1286 1999 1462 2059 aliud
1493 1998 1881 2060 discriminis
1908 1999 2060 2061 audi
2164 2004 2171 2009 '

439 2099 505 2157 et
533 2095 825 2158 miserere
854 2097 1113 2173 iterum,
1150 2117 1539 2178 quamquam
1569 2098 1699 2160 sint
1728 2101 1934 2161 cetera
1962 2097 2149 2170 sortis

440 2194 917 2276 eiusdem,pars,
953 2196 1093 2258 dira
1122 2195 1380 2276 quidem
1411 2197 1518 2258 sed
1549 2197 1808 2277 cognita
1835 2195 2057 2258 multis

440 2296 505 2354 et
534 2312 727 2403 quam
755 2293 967 2355 votiva
994 2297 1316 2355 testantur
1344 2295 1496 2356 fana
1524 2294 1757 2356 tabella

441 2390 747 2470 plurima3
792 2390 1066 2471 pictores
1096 2391 1238 2471 quis
1267 2392 1472 2453 nescit
1502 2392 1581 2454 ab
1611 2391 1780 2453 Iside
1807 2391 1981 2472 pasci
1999 2393 2031 2453 ⁴?

440 2486 673 2549 accidit
702 2491 768 2549 et
797 2492 1010 2549 nostro
1042 2488 1268 2580 simil'is
1295 2489 1561 2574 fortuna
1594 2488 1869 2550 Catullo.
2020 2481 2033 2491 ⁸

440 2604 592 2646 cumr
617 2586 846 2667 plenus
874 2586 1075 2647 fluctu
1107 2587 1355 2648 medius
1382 2586 1551 2648 foret
1577 2587 1793 2682 alv'eus
1821 2590 1887 2647 et
1888 2586 2043 2672 ‚iam

439 2682 763 2744 alternum
791 2683 1028 2765 puppis
1053 2685 1225 2746 latus
1251 2684 1683 2746 evertentibus
1712 2684 1923 2748 undis.

439 2780 680 2882 arboris
708 2759 1288 2858 incertaefmullam
1315 2781 1665 2863 prudentia
1684 2781 1834 2843 cani

438 2877 701 2939 rectoris
729 2898 877 2940 cum
906 2879 1103 2942 ferret
1130 2899 1336 2960 opem,
1371 2879 1660 2941 decidere
1687 2879 1860 2941 iactu

439 2975 649 3056 coepit
676 2995 825 3037 cum
854 2976 1083 3050 ventis,
1116 2975 1409 3039 imitatus
1437 2981 1679 3039 castora
1707 2976 1815 3058 qui
1847 2995 1913 3038 se
1988 2979 2061 2996 ⁸*

439 3073 811 3135 eunuchum
839 3072 975 3153 ipse
1003 3074 1160 3136 facit
1188 3074 1453 3155 cupiens
1481 3075 1744 3136 evadere
1774 3074 2008 3138 damno
2104 3057 2235 3164 Ἀ

439 3170 750 3246 testiculi3
795 3171 950 3232 adeo
979 3172 1369 3234 medicatum
1399 3172 1720 3252 intellegit
1747 3171 2010 3252 inguen.
2060 3181 2157 3242 -.L-

446 3267 463 3296 ‘
483 3267 741 3330 fundite
771 3263 934 3347 quae
961 3288 1104 3330 mea
1131 3273 1286 3330 sunt
1305 3269 1324 3298 '
1356 3269 1610 3332 dicebat
1642 3269 1660 3298 ‘
1681 3270 1953 3331 cuncta'
1988 3268 2280 3333 Catullus

439 3364 856 3446 praecipitare
885 3366 1101 3428 volens
1128 3366 1321 3430 etiam
1350 3367 1804 3448 pulcherrima,
1841 3370 2075 3430 vestem

439 3482 827 3543 purpuream
859 3464 1094 3526 teneris
1124 3485 1376 3545 quoque
1408 3465 1885 3528 Maecenatibus
1912 3469 2150 3546 aptam,

439 3564 633 3640 atque
662 3561 815 3623 alias
844 3581 1118 3643 quarum
1146 3562 1431 3643 generosi
1461 3563 1773 3643 graminis
1800 3563 2014 3645 ipsum

438 3657 668 3721 infecit
694 3664 926 3750 natura
952 3679 1167 3740 pecus,
1177 3661 1310 3744 ped
1338 3664 1406 3722 et
1431 3661 1723 3741 egregius
1750 3662 1896 3744 fons

439 3755 683 3820 viribus
710 3755 979 3820 occultis
1006 3759 1073 3821 et
1101 3757 1398 3821 Baeticus
1425 3758 1688 3821 adiuvat
1712 3778 1839 3823 aer,

2607 639 2697 698 10

2589 1126 2685 1186 15

2570 1615 2671 1674 20

2565 2102 2656 2163 25
2754 2118 2755 2121 Ν

2567 2592 2650 2652 30

2566 3082 2750 3141 35⁴
