2787 4328
392 276 480 342 94
921 232 928 239 ο
1128 273 1191 322 D.
1243 271 1439 319 IVNII
1483 270 1864 319 IVVENALIS

393 443 681 505 quaeque
708 428 1007 488 coronata
1033 423 1292 486 lustrari
1320 423 1549 486 debeat
1575 443 1758 504 agna,

389 522 718 607 egregium
749 526 1171 603 sanctumque
1203 520 1413 583 virum
1443 521 1495 583 si
1524 540 1736 595 cerno,
1769 517 2104 581 bimembri

394 622 511 682 lr‘oc
539 623 895 682 monstrum
926 639 1125 700 puero
1154 619 1249 681 vel
1281 619 1590 680 mirandis
1618 619 1735 681 sub
1763 621 1974 680 aratro

390 718 669 799 piscibus
697 718 973 779 inventis
1001 720 1067 779 et
1095 717 1263 778 fetae
1293 736 1591 797 comparo
1619 717 1851 790 mulae,

392 816 722 889 sollicitae,
755 820 1083 896 tamquam
1115 814 1355 894 lapides
1382 814 1684 877 effuderit
1712 814 1913 875 imber

392 934 779 995 examenque
808 913 1028 994 apium
1056 913 1250 993 longa
1278 912 1635 999 consederit
1661 931 1786 973 uva

391 1011 670 1073 culmine
698 1011 970 1085 delubri,
1006 1015 1336 1090 tamquam
1367 1010 1437 1071 in
1466 1030 1637 1072 mare
1666 1007 1928 1070 fluxerit
1955 1008 2161 1071 amnis

391 1108 753 1189 gurgitibus
780 1108 958 1170 miris
986 1113 1052 1169 et
1081 1109 1263 1170 lactis
1291 1108 1526 1170 vertice
1553 1112 1823 1169 torrens.

471 1207 825 1286 intercepta
853 1207 1071 1268 decem
1102 1206 1384 1286 quereris
1417 1206 1703 1268 sestertia
1730 1206 1957 1268 fraude

390 1304 712 1383 sacrilega.
798 1304 956 1383 quid
986 1304 1037 1366 si
1068 1304 1163 1365 bis
1192 1307 1458 1365 centum
1486 1303 1771 1384 perdidit
1798 1305 1958 1366 alter

391 1402 509 1463 hoc
536 1421 763 1463 arcana
790 1401 979 1463 modo
997 1403 1029 1463 ⁴?
1110 1401 1413 1463 maiorem
1441 1401 1672 1464 tertius
1699 1400 1813 1464 illa

390 1519 726 1573 summam,
761 1519 954 1579 quam
982 1499 1239 1579 patulae
1267 1499 1376 1562 vix
1406 1503 1659 1580 ceperat
1685 1499 1964 1580 angulus
1992 1518 2169 1562 arcae
2187 1499 2220 1560 P

390 1601 523 1659 tam
553 1596 738 1659 facile
765 1600 832 1658 et
856 1616 1133 1677 pronum
1162 1600 1259 1658 est
1286 1616 1547 1678 superos
1574 1601 1978 1659 contemnere
2006 1599 2218 1671 testes,

390 1695 442 1757 si
471 1695 755 1756 mortalis
783 1694 950 1756 idem
983 1714 1168 1756 nemo
1198 1694 1373 1757 sciat.
1464 1694 1672 1775 aspice
1703 1699 1945 1775 quanta

389 1813 538 1854 voce
567 1798 776 1873 neget,
811 1812 972 1872 quae
1002 1793 1085 1854 sit
1114 1793 1247 1854 ficti
1277 1793 1637 1855 constantia
1665 1793 1902 1855 vuitus.

389 1911 503 1971 per
531 1891 694 1952 Solis
722 1891 928 1952 radios
957 1890 1358 1970 Tarpeiaque,
1382 1890 1663 1953 fulmina
1690 1891 1863 1953 iurat

389 1993 453 2050 et
485 1988 709 2049 Martis
736 1989 1040 2049 frameam
1070 1992 1134 2048 et
1165 1987 1451 2050 Cirrhaei
1481 1988 1726 2068 spicula
1755 1988 1935 2063 vatiS,
2000 1974 2005 1979 ’

390 2105 503 2167 per
530 2085 800 2146 calamos
827 2084 1162 2147 venatricis
1189 2085 1681 2166 pharetramque
1708 2085 1958 2167 puellae

390 2203 627 2264 perque
659 2188 867 2257 tuum,
902 2186 1085 2264 pater
1113 2183 1348 2263 Aegaei
1385 2185 1709 2264 Neptune,
1744 2184 2113 2260 tridentem,

390 2281 571 2343 addit
599 2285 664 2343 et
694 2280 1041 2342 Herculeos
1068 2300 1251 2342 arcus
1279 2281 1655 2361 hastamque
1686 2281 2031 2356 Minervae,

392 2378 705 2458 quidquid
736 2378 974 2439 habent
1001 2378 1275 2440 telorum
1304 2378 1794 2441 armamentaria
1821 2379 1998 2441 caeli.

390 2476 442 2537 si
471 2495 617 2537 vero
644 2483 710 2537 et
736 2482 917 2555 pater
943 2478 1060 2549 est,
1101 2475 1118 2504 ‘
1139 2471 1466 2537 comedam
1486 2476 1505 2505 '
1538 2476 1755 2556 inquit
1788 2476 1805 2505 ‘
1826 2475 2032 2538 flebile
2062 2475 2198 2538 nati

389 2569 671 2653 sinciput
699 2567 850 2635 elixi
882 2572 1241 2653 Pharioque
1269 2573 1587 2635 madentis
1615 2574 1842 2636 aceto)

468 2674 621 2733 sunt
649 2670 718 2731 in
746 2671 1042 2732 fortunae
1072 2670 1183 2750 qui
1213 2670 1460 2733 casibus
1488 2671 1704 2733 omnia
1729 2674 1976 2769 pgnant

387 2772 453 2831 et
481 2768 659 2830 nullo
687 2769 949 2830 credant
976 2768 1295 2832 mundum
1323 2763 1566 2831 r‘e’ctore
1594 2769 1832 2831 moveri

390 2869 618 2928 natura
646 2866 935 2928 volvente
963 2857 1129 2928 vices
1156 2869 1222 2928 et
1249 2866 1411 2927 lucis
1437 2870 1504 2928 et
1530 2866 1708 2941 anni,

387 2968 579 3043 atque
607 2962 751 3052 ideo
778 2962 1086 3044 intrepidi
1117 2983 1552 3044 quaecumque
1581 2963 1807 3027 altaria
1833 2967 2136 3045 tangunt.

387 3066 483 3123 est
510 3060 672 3123 alius
699 3064 989 3123 metuens
1016 3081 1097 3124 ne
1125 3061 1365 3124 crimen
1397 3059 1600 3142 poena
1627 3066 1948 3143 sequatur,

387 3159 495 3220 hic
522 3162 710 3239 putat
738 3178 867 3220 esse
895 3159 1043 3221 deos
1071 3163 1136 3221 et
1164 3159 1426 3240 peierat,
1461 3164 1652 3239 atque
1681 3159 1774 3222 ita
1802 3180 2043 3222 secum:

393 3257 410 3286 ‘
431 3257 733 3318 decernat
755 3257 1203 3337 quodcumque
1232 3258 1403 3320 volet
1431 3259 1509 3320 de
1540 3278 1798 3338 corpore
1827 3262 2043 3320 nostro

389 3354 507 3415 Isis
534 3357 600 3417 et
627 3354 788 3416 irato
817 3354 1008 3416 feriat
1035 3375 1176 3418 mea
1202 3355 1451 3417 lumina
1479 3355 1686 3429 sistrO,

388 3452 734 3513 dummodo
763 3452 863 3513 vel
892 3472 1112 3514 caecus
1139 3456 1389 3515 teneam
1420 3473 1577 3533 quos
1604 3454 1848 3534 abnego
1874 3473 2189 3516 nummos

386 3552 451 3611 et
480 3548 753 3629 phthisis
781 3553 847 3611 et
877 3549 1153 3612 vomicae
1181 3554 1402 3630 putres
1431 3554 1495 3612 et
1523 3550 1866 3612 dimidium
1896 3571 2040 3613 crus

386 3650 538 3709 sunt
567 3646 751 3708 tanti.
840 3666 1083 3727 pauper
1109 3647 1492 3727 locupletem
1522 3651 1740 3728 optare
1767 3649 2113 3729 podagram

386 3764 502 3806 nec
530 3742 784 3806 dubitet
815 3743 1039 3818 Ladas,
1073 3744 1126 3806 si
1154 3765 1284 3807 non
1314 3749 1457 3828 eget
1486 3745 1796 3827 Anticyra
1822 3765 1940 3807 nec

2029 1863 2157 1879 Μ

2520 623 2739 682 65·

2468 1060 2607 1172 170

2515 1600 2600 1662 ¹75

2512 2057 2600 2150 so

2515 2580 2596 2639 85

2518 3070 2596 3127 90

2514 3557 2591 3615 95
