2787 4328
375 302 461 367 42
1115 298 1176 341 D.
1229 297 1423 344 IVNII
1468 295 1854 342 IVVENALIS

376 452 753 532 conspicuus
779 451 967 530 longe
994 448 1367 527 cunctisque
1397 446 1694 509 notabilis
1722 446 1924 506 intrat

379 549 600 609 balnea
626 567 741 609 nec
771 546 961 607 dubie
990 546 1312 607 custodem
1349 545 1495 605 vitis
1525 547 1590 605 et
1618 544 1789 604 horti

379 647 674 725 provocat
702 665 740 706 a
766 643 1026 706 domina
1053 644 1263 704 factus
1291 643 1508 723 spado.
1597 641 1872 702 dormiat
1902 640 2008 702 ille

378 764 521 802 cum
553 743 833 815 domina,
867 742 976 803 sed
1008 744 1082 802 tu
1111 742 1238 801 iam
1269 741 1527 814 durum,
1565 740 1886 813 Postume,
1922 739 2174 820 iamque

381 842 774 902 tondendum
804 839 1097 901 eunucho
1129 839 1459 899 Bromium
1489 837 1891 899 committere
1921 836 2074 897 noli.

457 938 507 999 si
537 939 773 1018 gaudet
801 944 1017 1009 cantu,
1054 935 1296 996 nullius
1324 935 1522 996 fibula
1550 935 1741 996 d'urat

376 1055 592 1097 vocem
622 1034 956 1097 vendentis
983 1033 1397 1114 praetoribus
1489 1052 1724 1111 organa
1752 1051 1997 1112 semper

375 1131 441 1192 in
474 1132 786 1205 manibus,
821 1130 999 1192 densi
1030 1130 1281 1192 radiant
1312 1130 1632 1192 testudine
1661 1133 1797 1190 tota

375 1229 813 1309 sardonyches,
848 1229 1053 1309 crispo
1080 1232 1507 1288 numerantur
1535 1227 1786 1307 pectine
1815 1227 2107 1288 chordae.

376 1345 501 1405 quo
530 1329 708 1387 tener
738 1324 1120 1405 Hedymeles
1148 1344 1366 1404 operas
1396 1324 1596 1397 dedit,
1630 1324 1806 1384 hunc
1835 1326 2032 1396 tenet,
2066 1321 2188 1384 hoc
2218 1342 2282 1385 se

375 1421 635 1496 solatur,
669 1426 974 1502 gratoque
1003 1421 1297 1501 indulget
1324 1421 1496 1482 basia
1525 1422 1787 1502 plectro.

377 1520 686 1599 quaedam
716 1520 795 1581 de
825 1539 1092 1580 numero
1123 1519 1491 1579 Lamiarum
1521 1538 1592 1580 ac
1621 1518 1900 1580 nominis
1929 1516 2105 1598 Appi

375 1622 440 1679 et
467 1619 635 1680 farre
663 1622 729 1679 et
758 1618 907 1679 vino
936 1618 1166 1678 Ianum
1197 1617 1585 1696 Vestamque
1616 1617 1897 1696 rogabat,

375 1734 458 1775 an
488 1715 913 1795 Capitolinam
943 1716 1201 1775 deberet
1230 1714 1436 1775 Pollio
1465 1733 1771 1794 quercum

376 1832 621 1892 sperare
650 1816 714 1874 et
742 1812 974 1874 fidibus
1003 1812 1391 1892 promittere.
1485 1812 1639 1891 quid
1669 1812 1906 1873 faceret
1932 1812 2079 1892 plus

375 1912 740 1988 aegrotante
769 1909 925 1983 viro,
960 1908 1225 1970 medicis
1254 1909 1410 1988 quid
1441 1908 1732 1970 tristibus
1759 1928 1907 1988 erga

376 2006 645 2067 filiolum
665 2008 695 2066 ⁴?
778 2006 956 2067 stetit
983 2010 1133 2067 ante
1161 2026 1334 2066 aram
1365 2026 1481 2067 nec
1514 2009 1701 2086 turpe
1730 2005 1985 2086 putavit

375 2122 492 2184 pro
520 2103 764 2166 cithara
792 2105 997 2166 velare
1026 2107 1219 2185 caput
1248 2103 1614 2184 dictataque
1643 2105 1835 2166 verba

375 2203 663 2282 pertulit,
697 2206 773 2264 ut
800 2222 935 2263 mos
963 2207 1075 2276 est,
1111 2206 1176 2263 et
1204 2205 1423 2282 aperta
1450 2202 1686 2282 palluit
1716 2222 1899 2281 agna.

376 2299 481 2361 dic
509 2300 671 2360 mihi
699 2320 874 2361 nunc
905 2319 1155 2379 quaes0,
1190 2300 1314 2373 dic,
1349 2300 1793 2379 antiquissime
1822 2300 2068 2375 divum,

378 2397 716 2477 respondes
745 2398 866 2469 his,
900 2397 1053 2458 Iane
1082 2401 1262 2477 pater
1281 2399 1310 2457 Ῥ
1393 2417 1627 2477 magna
1663 2397 1794 2458 otia
1822 2397 2008 2473 caeli3

378 2514 507 2556 non
535 2498 651 2569 est,
687 2496 855 2575 quod
885 2494 1088 2568 vide0,
1125 2515 1254 2556 non
1284 2498 1378 2557 est
1410 2496 1579 2574 quod
1609 2498 1836 2574 agatur
1865 2499 2023 2575 aput
2050 2515 2182 2557 vos.

376 2591 530 2653 haec
559 2593 637 2654 de
666 2592 979 2654 comoedis
1010 2595 1071 2655 te
1101 2592 1400 2666 consulit,
1435 2592 1546 2654 illa
1575 2592 1950 2671 tragoedum

376 2691 818 2752 commendare
847 2690 1035 2764 volet,
1071 2689 1386 2751 varicosus
1416 2691 1527 2751 fiet
1554 2690 1890 2770 haruspex.

458 2787 564 2848 sed
595 2789 809 2848 cantet
835 2787 1050 2867 potius
1079 2806 1270 2866 quam
1299 2790 1501 2848 totam
1531 2787 1813 2867 pervolet
1842 2786 2085 2861 urbem,

376 2886 584 2945 audax
612 2887 678 2945 et
706 2889 920 2945 coetus
948 2884 1146 2965 possit
1176 2903 1336 2963 quae
1364 2884 1531 2946 ferre
1562 2884 1842 2945 virorum

377 3001 648 3061 cumque
676 2981 995 3063 paludatis
1024 2982 1293 3042 ducibus
1319 2985 1648 3061 praesente
1677 2981 1908 3043 marito

378 3080 512 3160 ipsa
539 3079 716 3158 loqui
745 3083 917 3140 recta
943 3080 1105 3141 facie
1134 3078 1439 3158 siccisque
1467 3079 1789 3141 mamillis.

375 3176 530 3239 haec
558 3177 773 3238 eadem
805 3177 984 3238 novit
1014 3176 1170 3256 quid
1200 3180 1336 3238 toto
1365 3177 1479 3238 fiat
1506 3177 1575 3238 in
1605 3178 1775 3251 orbe,

377 3275 530 3355 quid
563 3274 761 3348 Seres,
796 3274 950 3354 quid
981 3274 1256 3336 Thraces
1284 3278 1498 3354 agant,
1535 3278 1773 3337 secreta
1800 3294 2102 3337 novercae

375 3376 441 3433 et
467 3372 671 3453 pueri,
709 3372 850 3452 quis
879 3376 1069 3446 amet,
1106 3372 1248 3451 quis
1276 3372 1620 3452 diripiatur
1648 3372 1926 3446 adulter3

376 3470 549 3532 dicet
578 3468 720 3548 quis
751 3469 1007 3531 viduam
1036 3472 1448 3550 praegnatem
1479 3469 1703 3531 fecerit
1731 3473 1797 3530 et
1825 3489 1949 3550 quo

376 3588 610 3641 mense,
646 3567 876 3647 quibus
905 3566 1110 3630 verbis
1137 3568 1519 3629 concumbat
1549 3587 1855 3648 quaeque,
1890 3567 2095 3642 modis
2124 3571 2301 3647 quot.

376 3667 721 3728 instantem
750 3665 882 3745 regi
912 3665 1217 3727 Armenio
1248 3665 1611 3745 Parthoque
1639 3668 1948 3727 cometem

376 3762 583 3843 prima
610 3762 806 3836 videt,
840 3762 1078 3823 famam
1108 3781 1516 3841 rumoresque
1546 3762 1658 3823 illa
1685 3762 1957 3824 recentis

2461 1522 2582 1582 385

2461 2010 2583 2069 390

2456 2498 2583 2556 395

2459 2987 2583 3047 400

2459 3474 2578 3533 405
