2787 4328
1059 248 1327 294 SATVRA
1372 250 1478 295 VII

954 845 1222 906 LIBER
1278 846 1658 910 TERTIVS

1081 1022 1379 1076 SATVRA
1424 1023 1536 1076 VII

198 1190 288 1252 Et
315 1209 457 1271 spes
486 1191 552 1252 et
579 1186 741 1250 ratio
769 1187 1128 1250 studiorum
1159 1187 1227 1248 in
1262 1187 1525 1251 Caesare
1557 1192 1835 1251 tantum.

195 1288 366 1349 solus
393 1286 567 1349 enim
597 1285 808 1347 tristes
844 1284 960 1346 hac
991 1288 1363 1365 tempestate
1397 1286 1702 1350 Camenas

196 1385 494 1467 respexit,
528 1403 676 1445 cum
707 1382 832 1444 iam
862 1382 1134 1444 celebres
1163 1383 1427 1463 notique
1457 1390 1678 1465 poetae

196 1482 562 1544 balneolum
598 1480 835 1553 Gabiis,
874 1481 1109 1542 Romae
1140 1482 1501 1544 conducere
1530 1484 1758 1546 furnos
1820 1502 1829 1512 ’

195 1576 608 1660 temptarent,
642 1598 758 1640 nec
787 1579 1049 1639 foedum
1080 1578 1188 1639 alii
1218 1599 1334 1640 1100
1366 1583 1553 1660 turpe
1583 1584 1886 1663 putarent

193 1697 533 1759 praecones
562 1677 719 1750 fieri,
753 1697 901 1756 011111
932 1677 1194 1739 desertis
1227 1677 1596 1759 Aganippes

196 1776 465 1837 vallibus
493 1774 775 1837 esuriens
805 1774 1109 1853 migraret
1137 1774 1206 1834 in
1234 1775 1399 1836 atria
1430 1775 1590 1838 Clio.

196 1893 344 1935 nam
376 1873 427 1934 si
459 1872 668 1934 Pieria
697 1872 1014 1952 quadrans
1043 1871 1160 1933 tibi
1191 1872 1412 1933 nullus
1440 1872 1508 1933 in
1537 1875 1763 1936 umbra

195 1971 593 2044 ostendatur,
626 1989 795 2031 ames
823 1989 1057 2031 nomen
1088 1969 1458 2049 victumque
1488 1970 1857 2035 Machaerae

194 2070 260 2131 et
289 2068 524 2132 vendas
550 2067 786 2148 potius,
820 2066 1151 2129 commissa
1183 2068 1351 2147 quod
1383 2069 1594 2131 auctio
1625 2070 1845 2135 vendit

195 2167 533 2240 stantibus,
569 2166 1004 2246 oenophorum
1038 2166 1311 2246 tripedes
1343 2168 1614 2229 armaria
1642 2167 1829 2230 cistas

194 2264 541 2326 Alcithoen
572 2263 778 2337 Pacci,
815 2264 1064 2324 Thebas
1092 2267 1158 2325 et
1189 2263 1389 2326 Terea
1418 2264 1661 2327 Fausti.

194 2363 316 2425 hoc
345 2362 543 2424 satius
572 2382 762 2442 quam
791 2361 844 2423 si
874 2361 1045 2422 dicas
1072 2362 1190 2423 sub
1220 2361 1432 2423 iudice
1466 2363 1483 2391 ‘
1506 2363 1634 2425 vidi
1658 2364 1676 2393 '

149 2512 161 2518 -
196 2461 368 2541 quod
398 2480 528 2522 non
559 2459 796 2533 vidisti,
830 2459 1073 2520 faciant
1100 2458 1347 2539 equites
1378 2459 1601 2522 Asiani

196 2577 582 2639 quamquam
611 2559 675 2619 et
707 2555 1107 2637 Cappadoces
1137 2555 1380 2618 faciant
1410 2557 1779 2638 equitesque
1811 2558 2103 2639 Bithyni,

196 2656 395 2717 altera
424 2674 581 2734 quos
608 2654 784 2716 nudo
816 2654 1097 2716 traducit
1128 2654 1333 2715 Gallia
1363 2654 1510 2716 talo,

197 2771 385 2814 nemo
414 2756 628 2813 tamen
657 2750 886 2812 studiis
914 2751 1256 2831 indignum
1288 2752 1455 2813 10110
1483 2752 1762 2813 laborem

198 2852 461 2928 cogetur
486 2848 771 2929 posthac,
805 2848 1007 2909 nectit
1036 2848 1422 2928 quicumque
1452 2849 1697 2910 canoris

199 2945 522 3026 eloquium
551 2946 761 3008 vocale
792 2946 996 3008 modis
1022 2946 1403 3025 laurumque
1433 2947 1798 3023 momordit.

198 3045 321 3107 hoc
348 3044 538 3126 agite,
572 3064 609 3106 o
637 3045 913 3107 iuvenes.
1003 3044 1439 3125 circumspicit
1470 3048 1534 3106 et
1563 3045 1852 3107 stimulat
1881 3065 1990 3109 vos

199 3139 657 3222 materiamque
686 3143 803 3204 sibi
833 3143 1013 3205 ducis
1041 3144 1445 3233 indulgentia
1475 3144 1745 3223 quaerit.
1873 3171 1893 3212 t
1940 3163 1949 3174 ¹

197 3240 380 3320 siqua
407 3238 666 3301 aliunde
694 3244 883 3321 putas
910 3261 1121 3302 rerum
1153 3242 1495 3322 spectanda
1524 3246 1782 3302 tuarum

197 3337 512 3416 praesidia
539 3340 730 3418 atque
759 3338 901 3399 ideo
930 3358 1179 3400 croceae
1211 3339 1577 3400 membrana
1610 3338 1873 3400 tabellae

196 3435 526 3516 impletur,
559 3437 881 3517 lignorum
915 3437 1152 3517 aliquid
1186 3456 1367 3517 posce
1400 3437 1572 3498 ocius
1602 3440 1669 3497 et
1698 3456 1856 3516 quae

195 3535 545 3613 componis,
580 3535 747 3598 dona
777 3534 1063 3608 Veneris,
1101 3533 1412 3607 Telesino,
1447 3532 1698 3607 maritO,

193 3635 308 3694 aut
337 3632 523 3694 clude
553 3636 618 3693 et
644 3632 882 3713 positos
913 3632 1083 3694 tinea
1113 3630 1428 3713 pertunde
1458 3631 1719 3692 libellos.

192 3731 422 3812 frange
450 3729 640 3794 miser
667 3731 984 3795 calamum
1014 3729 1402 3813 vigilataque
1431 3727 1672 3811 proelia
1700 3728 1863 3804 dele,

2329 2075 2405 2134 10

2328 2564 2401 2622 15

2325 3051 2513 3109 20·

2324 3538 2400 3595 25
