2787 4328
435 285 551 333 102
1157 286 1222 331 D.
1273 285 1470 333 IVNII
1512 286 1898 333 IVVBNALIS

424 445 502 497 ut
528 434 724 518 spado
751 435 1041 499 vincebat
1071 436 1387 519 Capitolia
1415 438 1633 499 nostra
1660 435 1936 499 Posides.
1978 494 1985 511 ,
2090 509 2117 523 ρ

425 535 582 596 (111111
610 533 700 595 810
727 553 876 615 ergo
902 533 1152 597 habitat
1181 533 1542 608 Cretonius,
1576 534 1891 597 inminuit
1918 556 2074 610 rem,

424 632 619 713 fregit
645 652 815 714 opes,
848 653 965 695 nec
991 652 1185 715 parva
1214 636 1430 695 tamen
1459 653 1759 695 mensura
1786 633 2041 696 relictae
2100 672 2124 689 κ

422 730 622 810 partis
647 734 804 793 erat.
893 734 1092 793 totam
1120 732 1286 794 hanc
1316 731 1602 794 turbavit
1629 732 1802 793 filius
1827 751 2066 814 amens,
2104 736 2117 755 '

422 827 581 889 dum
609 829 867 891 meliore
894 848 1087 891 novas
1114 829 1358 891 attollit
1384 849 1697 892 marmore
1726 829 1925 893 villas,

506 925 767 1006 quidam
795 928 1002 989 sortiti
1032 932 1427 989 metuentem
1457 928 1713 990 sabbata
1740 931 2007 1008 patrem·

422 1023 516 1085 nil
545 1029 793 1105 praeter
821 1025 1023 1087 nubes
1049 1029 1115 1088 et
1142 1024 1297 1087 caeli
1326 1046 1568 1087 numen
1597 1026 1914 1100 adorantj'

422 1141 540 1184 nec
567 1122 802 1184 distare
828 1126 1065 1203 putant
1092 1123 1375 1185 humana
1402 1143 1591 1185 carne
1621 1122 1876 1186 suillam

423 1239 551 1300 qua
576 1224 757 1300 pater
784 1220 1117 1295 abstinuit,
1150 1240 1300 1282 mox
1327 1224 1393 1282 et
1420 1222 1756 1301 praeputia
1783 1224 2067 1301 ponunt3

424 1318 738 1380 Romanas
764 1321 980 1380 autem
1008 1318 1175 1380 soliti
1206 1323 1612 1380 contemnere
1638 1319 1808 1400 leges

422 1415 759 1478 Iudaicum
788 1417 1080 1478 ediscunt
1107 1419 1173 1477 et
1201 1420 1455 1478 servant
1495 1436 1566 1478 ac
1595 1402 1901 1478 metuunt
1928 1417 2059 1495 ius,-

423 1513 692 1575 tradidit
717 1533 946 1576 arcano
974 1514 1423 1595 quodcumque
1453 1514 1778 1575 volumine
1808 1514 2077 1595 Moyses,

422 1631 552 1672 non
582 1614 933 1674 monstrare
961 1611 1093 1673 vias
1118 1612 1338 1673 eadem
1368 1611 1491 1673 nisi
1522 1631 1697 1673 sacra
1724 1611 1982 1685 colenti,
2046 1624 2051 1627 “

424 1708 783 1789 quaesitum
810 1709 891 1771 ad
919 1709 1166 1772 fontem
1195 1710 1359 1771 solos
1386 1709 1699 1771 deducere
1726 1710 1968 1790 verpos‘.

423 1807 530 1867 sed
559 1811 739 1887 pater
765 1807 836 1868 in
864 1827 1071 1880 causa,
1105 1807 1211 1868 cui
1239 1806 1510 1889 septima
1540 1826 1828 1887 quaeque
1855 1807 1988 1868 fuit
2017 1808 2129 1867 lux

423 1904 652 1983 ignava
677 1909 744 1966 et
772 1909 1015 1986 partem
1044 1905 1211 1967 vitae
1241 1925 1369 1967 nou
1400 1905 1619 1985 attigit
1648 1905 1866 1967 ullam.

503 2007 728 2083 sponte
755 2007 969 2065 tamen
997 2003 1256 2065 iuvenes
1284 2003 1626 2065 imitantur
1653 2007 1881 2078 cetera,
1915 2004 2110 2064 solam

423 2100 610 2161 inviti
642 2121 892 2182 quoque
920 2096 1254 2162 avaritiam‘
1277 2121 1564 2163 exercere
1592 2100 1914 2162 iubentur.
2076 2096 2085 2113 ‘

422 2200 593 2262 fallit
619 2200 791 2261 enim
821 2187 1051 2262 v'itium
1080 2200 1286 2280 specie
1315 2200 1576 2262 virtutis
1603 2203 1668 2292 et
1696 2200 1942 2273 u'mbra,

422 2319 569 2360 cum
598 2298 683 2360 sit
710 2298 892 2359 triste
922 2293 1145 2359 habitu
1176 2285 1487 2377 {ultuque
1516 2302 1582 2359 et
1608 2300 1780 2360 veste
1809 2286 2116 2372 severum,

422 2416 539 2458 nec
566 2395 759 2457 dubie
786 2395 1112 2475 tamquam
1141 2396 1316 2476 frugi
1347 2396 1645 2456 laudetur
1672 2415 1919 2469 avaruS‚

422 2497 749 2573 tamquam
777 2513 1003 2575 parcus
1030 2493 1220 2555 homo
1248 2497 1313 2555 et
1342 2513 1554 2555 rerum
1584 2493 1790 2554 tutela
1818 2513 2075 2554 suarum

422 2595 595 2653 certa
622 2590 823 2671 magis
852 2595 1043 2671 qua'm
1071 2590 1123 2652 si
1152 2591 1444 2652 fortunas
1471 2591 1678 2652 servet
1705 2591 1953 2653 easdem

423 2688 852 2770 Hesperidum
882 2708 1137 2769 serpens
1164 2692 1277 2750 aut
1306 2688 1630 2750 Ponticus,
1721 2688 1883 2750 adde
1913 2689 2081 2767 quod
2110 2688 2310 2763 hunc,
2343 2690 2426 2752 de

423 2807 549 2867 quo
577 2787 822 2865 loquor,
856 2787 1178 2865 egregium
1208 2786 1484 2866 populus
1511 2789 1700 2866 putat
1727 2785 2107 2865 adquirendi

421 2884 761 2960 artificem;
805 2884 1043 2965 quippe
1070 2883 1171 2945 his
1198 2888 1493 2945 crescunt
1519 2883 1906 2963 patrimonia
1932 2882 2162 2957 fabris,-

422 2984 527 3044 sed
561 2985 851 3045 crescunt
881 3001 1281 3062 quocumque
1309 2982 1521 3056 mod0,
1555 2981 1918 3061 maioraque
1950 2982 2117 3043 fiunt

422 3080 653 3143 incude
681 3080 946 3150 adsidua
973 3099 1343 3166 semperque
1371 3079 1634 3141 ardente
1665 3078 1935 3142 camino.

420 3183 485 3240 et
512 3187 696 3260 pater
722 3197 870 3257 ergo
898 3177 1097 3239 animi
1126 3177 1342 3239 felices
1371 3177 1577 3238 credit
1603 3196 1848 3253 avaros;

423 3276 534 3357 qui
561 3275 834 3337 miratur
861 3295 1029 3356 ope8‚
1065 3275 1174 3355 qui
1204 3275 1381 3336 nulla
1410 3274 1698 3354 exempla
1725 3273 1895 3335 beati

421 3373 717 3455 pauperis
744 3394 873 3435 esse
902 3376 1111 3453 putat,
1145 3372 1402 3434 iuvenes
1429 3372 1725 3433 hortatur
1754 3375 1829 3433 ut
1858 3372 1966 3433 illa

422 3473 512 3534 ire
542 3472 644 3534 via
670 3474 940 3553 pergant
967 3474 1032 3532 et
1059 3470 1264 3532 eidem
1294 3469 1660 3531 incumbere
1690 3474 1912 3531 sectae.

422 3574 574 3632 sunt
602 3570 909 3649 quaedam
940 3568 1242 3630 vitiorum
1271 3569 1603 3641 elementa,
1637 3568 1738 3628 his
1766 3567 2060 3648 protinus
2088 3567 2232 3629 illos

422 3667 637 3730 inbuit
664 3674 728 3728 et
757 3667 928 3746 cogit
955 3665 1253 3727 minimas
1281 3665 1553 3727 ediscere
1582 3666 1820 3741 sordes3

423 3785 569 3829 mox
597 3763 975 3845 adquirendi
1005 3764 1189 3826 docet
1217 3763 1574 3828 insatiabile
1600 3766 1841 3826 votum.

2554 837 2659 895 95

2515 1325 2657 1384 100
2772 1244 2777 1429 1

2770 1630 2778 1723 --.—

2514 1813 2649 1872 105

2517 2302 2639 2362 110

2514 2792 2634 2851 115

2514 3283 2633 3342 120

2513 3772 2622 3832 125
