2787 4328
1114 271 1383 319 sArvRA
1427 272 1504 318 v1
2316 282 2392 345 33

186 421 251 483 si
279 421 502 484 iubeat
531 422 837 497 coniunx,
872 422 1111 484 durum
1141 426 1238 485 est
1268 424 1698 488 conscendere
1737 445 1987 501 navem,

107 563 114 568 -
186 522 357 581 tunc
389 519 645 581 sentina
672 519 906 600 gravis,
942 524 1102 581 tunc
1132 540 1422 583 summus
1451 522 1734 584 vertitur
1762 544 1869 586 aer
1901 545 1914 584 ε

187 637 360 698 quae
391 618 734 678 moechum
763 617 1078 700 sequitur,
1113 619 1447 681 stomacho
1478 620 1668 682 valet.
1758 621 1870 683 illa
1898 621 2208 684 maritum
2279 624 2397 684 100

188 715 548 789 convomit,
584 714 741 777 haec
772 715 943 776 inter
972 723 1205 777 nautas
1236 720 1302 777 et
1330 717 1608 797 prandet
1639 723 1705 780 et
1734 722 1907 781 errat

55 780 58 829 T
177 832 312 903 ‘per
339 833 623 894 puppem
655 817 720 873 et
751 813 945 874 duros
975 814 1216 893 gaudet
1239 820 1520 878 tractare
1549 816 1866 878 rudentis·

190 929 327 990 qua
356 915 574 971 tamen
604 910 842 972 exarsit
871 911 1102 985 forma,
1139 931 1267 992 qua
1297 917 1488 993 capta
1515 912 1783 975 iuventa

191 1007 410 1087 Eppia
441 1008 469 1068 Ρ
553 1008 711 1088 quid
743 1007 906 1070 vidit
936 1012 1203 1088 propter
1234 1010 1411 1089 quod
1438 1009 1620 1071 ludia
1651 1009 1779 1071 dici
1962 1077 1967 1081 ,

189 1105 513 1166 sustinuit
541 1105 569 1167 Ρ
648 1125 801 1167 nam
833 1105 1158 1186 Sergiolus
1188 1106 1318 1167 iam
1345 1107 1570 1169 radere
1600 1111 1834 1187 guttur
2281 1107 2398 1169 105

189 1205 496 1281 coeperat
526 1207 591 1263 et
621 1205 796 1264 secto
826 1202 1115 1282 requiem
1145 1222 1399 1282 sperare
1428 1203 1670 1265 lacerto
1696 1224 1715 1280 ;

186 1302 530 1379 praeterea
560 1299 768 1360 multa
797 1299 867 1360 in
897 1300 1065 1361 facie
1097 1300 1437 1374 deformia,
1474 1301 1645 1363 sicut

188 1395 463 1458 attritus
492 1397 675 1477 galea
706 1397 1060 1478 mediisque
1089 1397 1159 1458 in
1188 1398 1453 1459 naribus
1481 1398 1712 1478 ingens

187 1493 429 1575 gibbus
459 1499 524 1555 et
553 1514 697 1556 acre
727 1495 970 1555 malum
1001 1514 1251 1575 semper
1279 1495 1589 1564 stillantis
1619 1495 1827 1558 ocelli.

188 1592 307 1653 sed
336 1591 659 1674 gladiator
688 1595 825 1653 erat
853 1613 867 1653 ε
918 1592 1080 1654 facit
1109 1592 1233 1654 hoc
1262 1593 1408 1654 illos
1440 1592 1869 1673 Hyacinthos,
1955 1666 1958 1670 Α
2282 1595 2398 1653 110

187 1689 317 1751 hoc
348 1689 566 1770 pueris
594 1689 990 1770 patriaeque,
1024 1689 1147 1751 hoc
1178 1690 1491 1770 praetulit
1522 1690 1632 1752 illa
1663 1690 1862 1751 sorori

188 1791 392 1868 atque
422 1787 582 1849 vir0.
667 1789 914 1849 serrum
947 1792 1045 1849 est
1075 1789 1250 1868 quod
1280 1793 1522 1850 amant.
1614 1788 1721 1849 hic
1755 1787 2015 1868 Sergius
2043 1788 2217 1849 idem

188 1890 462 1966 accepta
490 1885 651 1946 rudo
682 1885 995 1966 coepisset
1024 1885 1303 1947 Veiento
1332 1886 1559 1947 videri.

276 1982 437 2063 quid
465 1983 719 2063 privata
748 1982 999 2057 domuS,
1035 1983 1194 2063 quid
1222 1983 1456 2044 fecerit
1487 1983 1720 2064 Eppia,
1756 2003 1941 2045 curas
1968 1981 1997 2046 P

188 2080 440 2160 respice
469 2079 699 2141 rivales
730 2080 1067 2154 divorum,·
1088 2080 1399 2142 Claudius
1429 2081 1582 2142 audi
2281 2082 2397 2142 115

191 2198 360 2260 quae
390 2178 636 2240 tulerit.
728 2179 1008 2240 dormire
1038 2179 1250 2241 virum
1282 2199 1432 2240 cum
1463 2184 1750 2241 senserat
1780 2199 1964 2254 uxor,

191 2296 352 2338 ausa
383 2276 680 2338 Palatino
708 2279 994 2357 tegetem
1022 2278 1348 2357 praeferre
1379 2278 1601 2351 cubili,

194 2393 449 2435 sumere
470 2378 827 2435 nocturnos
856 2374 1164 2435 meretrix
1197 2375 1498 2454 Augusta
1520 2375 1810 2437 cucullos

193 2470 532 2552 linquebat
562 2471 797 2532 comite
827 2471 1062 2533 ancilla
1091 2491 1222 2533 non
1253 2472 1532 2552 amplius
1562 2492 1693 2534 una

195 2573 262 2630 et
291 2567 555 2649 nigrum
586 2560 748 2631 flax'ro
779 2569 1023 2631 crinem
1053 2570 1490 2631 abscondente
1520 2569 1753 2650 galero.
2283 2572 2401 2632 120

194 2666 469 2728 intravit
493 2666 778 2727 calidum
805 2667 1008 2729 veteri
1040 2657 1320 2728 centone
1343 2667 1621 2747 lupanar

195 2769 264 2826 et
293 2763 524 2825 cellam
551 2783 820 2826 vacuam
851 2768 1047 2844 atque
1077 2783 1282 2837 suam,
1316 2767 1479 2825 tunc
1509 2764 1687 2826 nuda
1714 2764 1975 2846 papillis

194 2861 490 2942 prostitit
519 2860 763 2923 auratis
790 2861 1063 2922 titulum
1094 2861 1371 2923 mentita
1402 2860 1705 2941 Lyciscae

125 2977 130 2980 ’
196 2958 612 3039 ostenditque
642 2963 855 3034 tuum,
890 2978 1193 3039 generose
1227 2957 1622 3033 Britannice,
1658 2963 1995 3038 ventrem3

196 3056 453 3137 excepit
482 3056 720 3117 blanda
747 3055 1053 3117 intrantis
1084 3060 1279 3136 atque
1310 3075 1458 3116 aera
1487 3056 1802 3136 poposcit.
2284 3060 2399 3117 125

203 3154 311 3234 [ac
341 3152 647 3232 resupina
675 3152 888 3214 iacens
919 3153 1275 3214 multorum
1305 3153 1641 3215 absorbuit
1670 3152 1870 3234 ictus]

198 3271 349 3312 mox
375 3250 610 3311 lenone
639 3270 787 3311 suas
814 3249 943 3311 iam
975 3250 1349 3311 dimittente
1379 3250 1629 3330 puellas

197 3348 406 3410 tristis
437 3347 594 3420 abit,
630 3351 696 3409 et
727 3347 901 3427 quod
929 3347 1147 3427 potuit
1177 3353 1396 3408 tamen
1430 3348 1662 3409 ultima
1691 3347 1920 3409 cellam

200 3445 456 3518 clausit,
492 3445 705 3506 adhuc
736 3445 968 3506 ardens
999 3445 1243 3526 rigidae
1275 3445 1598 3526 tentigine
1629 3446 1874 3519 volvae,

201 3549 267 3606 et
294 3544 532 3605 lassata
560 3543 713 3605 viris
742 3543 1023 3604 necdum
1054 3542 1287 3604 satiata
1315 3543 1602 3617 recessit,
2285 3543 2402 3603 130

202 3641 618 3721 obscurisque
647 3640 830 3721 genis
860 3639 1072 3719 turpis
1102 3640 1413 3719 fumoque
1440 3641 1745 3702 lucernae

200 3739 393 3801 foeda
420 3737 754 3818 lupanaris
782 3736 944 3798 tulit
972 3736 1054 3797 ad
1083 3735 1384 3816 pulvinar
1414 3738 1696 3798 odorem.

530 3854 562 3903 3
