2787 4328
333 250 412 313 16
1065 266 1127 312 D.
1179 266 1373 314 1vN11
1418 265 1803 312 IVVENALIS

321 439 421 481 res
451 418 730 496 angusta
752 415 950 490 domi,
984 416 1097 478 sed
1127 417 1366 478 Romae
1398 415 1621 478 durior
1650 416 1780 478 illis
2411 419 2530 480 165

322 520 593 578 conatus
620 534 635 575 z
679 532 916 594 magno
946 512 1302 593 hospitium
1334 512 1717 587 miserabile,
1752 533 1989 595 magno

321 632 652 676 servorum
681 621 958 685 ventres,
993 614 1059 672 et
1089 610 1266 691 frugi
1298 610 1530 671 cenula
1559 630 1812 690 magno.

322 711 631 773 fictilibus
662 727 891 771 cenare
924 708 1150 788 pudet,
1186 708 1362 788 quod
1393 713 1585 788 turpe
1616 708 1881 789 negabis

321 809 674 871 translatus
703 806 920 868 subito
949 804 1034 867 ad
1064 804 1308 867 Marsos
1338 825 1754 888 mensamque
1787 806 2106 869 Sabellam

322 910 799 986 contentusque
831 904 965 965 illic
998 904 1252 965 Veneto
1285 904 1579 985 duroque
1609 905 1884 967 cucullo·
2409 907 2532 970 170
2652 938 2657 941 Δ

320 1025 469 1086 pars
497 1022 732 1084 magna
761 1001 991 1063 Italiae
1022 1005 1142 1076 est,
1171 1000 1224 1062 si
1255 1021 1482 1063 verum
1511 1002 1942 1076 admittimuS,
1973 1002 2044 1064 in
2074 1022 2205 1084 qua

321 1122 511 1164 nemo
542 1106 761 1182 togam
790 1099 991 1161 sumit
1020 1098 1145 1160 nisi
1176 1102 1495 1161 mortuus.
1586 1099 1726 1180 ipsa
1756 1099 2011 1161 dierum

321 1202 638 1262 festorum
666 1196 939 1258 herboso
969 1196 1208 1257 colitur
1237 1195 1290 1257 si
1315 1196 1576 1276 quando
1606 1197 1865 1259 theatro

323 1297 619 1358 maiestas
648 1294 1042 1374 tandemque
1072 1292 1243 1354 redit
1273 1293 1357 1354 ad
1385 1293 1644 1375 pulpita
1671 1298 1906 1355 notum

323 1394 648 1467 exodium,
683 1412 833 1454 cum
862 1410 1170 1472 personae
1198 1391 1504 1471 pallentis
1526 1391 1783 1453 hiatum
2409 1394 2530 1457 1¹75

322 1495 390 1553 in
421 1490 666 1573 gremio
694 1488 920 1551 matris
950 1487 1263 1550 formidat
1292 1488 1577 1550 rusticus
1606 1489 1847 1565 infans,

323 1589 618 1670 aequales
646 1586 911 1648 habitus
941 1585 1075 1647 11110
1099 1585 1467 1666 similesque
1498 1583 1745 1648 videbis

324 1686 720 1749 orchestram
749 1688 814 1744 et
844 1682 1183 1763 populum,
1219 1682 1374 1744 clari
1405 1683 1699 1745 velamen
1726 1684 1994 1748 honoris

324 1782 655 1845 sufficiunt
687 1780 944 1843 tunicae
974 1780 1243 1841 summis
1271 1765 1588 1842 aedilibus
1617 1782 1814 1846 albae.
1908 1841 1983 1853 ,-

297 1858 430 1942 'Hic
462 1881 634 1940 ultra
662 1878 826 1939 vires
855 1876 1118 1938 habitiis
1148 1878 1345 1951 nitor,
1379 1877 1489 1939 hic
1519 1878 1766 1958 aliquid
1795 1880 1943 1960 plus
2405 1876 2539 1943 180'

324 1997 518 2059 quam
547 1976 702 2038 satis
732 1980 828 2036 est
857 1975 1189 2036 interdum
1217 1975 1428 2036 aliena
1456 1975 1737 2037 sumitur
1766 1996 1928 2039 arca.

323 2094 664 2138 commune
694 2073 762 2134 id
790 2072 1024 2134 vitium
1054 2076 1173 2146 est,
1207 2072 1314 2134 1110
1344 2073 1624 2135 vivimus
1654 2073 1995 2157 ambitiosa

321 2176 704 2255 paupertate
734 2191 974 2233 omnes.
1065 2170 1225 2252 quid
1253 2175 1320 2233 te
1349 2191 1565 2233 moror
1590 2172 1618 2234 Ρ
1659 2173 1876 2234 01111113
1904 2173 2144 2236 Romae

312 2279 471 2333 'cum
501 2269 730 2351 pretio,
822 2268 980 2349 quid
1010 2268 1144 2343 das,
1179 2272 1255 2329 ut
1287 2267 1557 2330 Cossum
1587 2269 1937 2350 aliquando
1965 2271 2206 2333 salutes
2232 2270 2262 2334 ?
2481 2347 2489 2354 ,

322 2370 399 2429 ut
427 2372 492 2429 te
522 2366 822 2447 respiciat
852 2365 1069 2427 clauso
1098 2364 1377 2427 Veiento
1405 2366 1639 2428 labello
1670 2366 1699 2429 ?
2407 2372 2526 2433 185

320 2466 431 2527 ille
459 2464 651 2526 metit
678 2464 960 2535 barbam,
993 2463 1239 2524 crinem
1268 2463 1375 2525 hie
1406 2464 1676 2545 deponit
1704 2465 1902 2527 amati
1926 2486 1945 2543 3

320 2563 512 2643 plena
541 2561 770 2624 domus
797 2557 945 2622 Rhis
975 2561 1308 2623 venalibus
1334 2583 1349 2622 ε
1393 2562 1612 2642 accipe
1642 2566 1709 2625 et
1736 2562 1916 2625 istud

320 2661 717 2721 fermentum
746 2658 867 2719 tibi
896 2658 1079 2719 habe.
1168 2662 1493 2739 praestare
1521 2659 1772 2721 tributa
1800 2660 2069 2724 clientes

321 2757 613 2838 cogimur
641 2758 706 2818 et
736 2754 931 2817 cultis
962 2775 1196 2836 augere
1226 2753 1483 2837 peculia
1513 2757 1730 2818 servis,

402 2856 544 2936 quis
574 2854 764 2915 timet
794 2855 909 2914 aut
939 2852 1165 2914 timuit
1196 2853 1412 2934 gelida
1443 2854 1788 2916 Praeneste
1818 2854 2078 2917 ruinam
2409 2860 2529 2919 190

320 2959 437 3014 aut
465 2951 691 3032 positis
719 2969 1054 3012 nemorosa
1083 2950 1256 3012 inter
1284 2950 1440 3031 iuga
1471 2951 1778 3014 Volsiniis
1807 2956 1922 3014 aut

320 3048 720 3129 simplicibus
750 3047 969 3109 Gabiis
1000 3052 1114 3109 aut
1144 3048 1334 3129 proni
1367 3049 1628 3111 Tiburis
1658 3069 1802 3111 arce
1831 3049 1861 3112 Ρ

319 3166 437 3208 nos
467 3147 693 3207 urbem
723 3145 994 3207 colimus
1023 3145 1209 3206 tenui
1238 3145 1509 3207 tibicine
1539 3146 1780 3209 fultam

321 3263 554 3325 magna
582 3247 764 3324 parte
794 3242 896 3304 sui
920 3264 937 3320 3
981 3263 1133 3304 nam
1162 3242 1252 3304 sic
1282 3243 1652 3306 labentibus
1682 3245 1896 3306 obstat

319 3342 570 3414 vilicus,
606 3345 671 3402 et
700 3340 937 3403 veteris
966 3341 1165 3403 rimae
1197 3360 1347 3402 cum
1376 3340 1544 3402 texit
1574 3341 1850 3417 hiatum,
2406 3346 2527 3406 195

319 3458 576 3501 securos
604 3438 929 3519 pendente
958 3437 1140 3499 iubet
1171 3437 1451 3500 dormire
1480 3438 1688 3500 ruina.

323 3536 670 3599 vivendum
700 3540 797 3597 est
825 3535 960 3597 11110
991 3535 1102 3597 ubi
1132 3536 1313 3598 nulla
1340 3534 1665 3610 incendia,
1697 3535 1864 3598 nulli

317 3637 510 3696 nocte
538 3635 770 3696 metus.
826 3632 990 3694 ‘iam
1018 3633 1227 3713 poscit
1258 3653 1513 3713 aquam,
1549 3633 1677 3695 iam
1706 3633 1940 3696 frivola
1968 3634 2283 3697 transfert

318 3732 671 3812 Vcalegon,
705 3730 1000 3793 tabulata
1027 3730 1148 3793 tibi
1179 3730 1308 3794 iam
1336 3731 1535 3794 tertia
1561 3732 1864 3795 fumant:

2646 2641 2655 2647 e

2754 2909 2768 2926 A
2768 2845 2769 2848 „
2734 2629 2770 2810 ᾼᾼᾼΑΓ
