2787 4328
1050 249 1318 295 SATVRA
1364 249 1490 294 ΧΠ
2253 251 2367 316 103

118 420 491 465 servorum
523 403 775 463 ventres
803 399 1016 464 modio
1045 401 1313 482 castigat
1340 401 1565 483 iniquo

118 500 296 582 ipse
326 518 584 580 quoque
610 499 911 573 esuriens,
945 519 1151 579 neque
1180 499 1355 561 enim
1385 499 1602 561 omnia
1628 499 1901 561 sustinet
1927 519 2234 579 umquam

120 597 423 660 mucida
452 596 723 659 caerulei
754 598 936 679 panis
966 618 1334 660 consumere
1363 599 1592 672 frusta,

120 697 536 759 hesternum
568 695 788 756 solitus
818 696 1025 758 medio
1055 717 1298 758 servare
1328 696 1603 758 minutal

125 794 509 876 septembri
543 812 659 855 nec
687 794 818 855 non
847 794 1103 856 differre
1133 795 1201 855 in
1234 798 1523 875 tempora
1549 814 1738 857 cenae
2254 797 2370 856 130

126 892 432 955 alterius
459 892 763 954 conchem
792 892 1093 954 aestivam
1124 912 1270 954 cum
1301 896 1483 973 parte·
1509 892 1726 955 lacerti

129 991 484 1071 signatam
517 989 612 1052 vel
642 989 911 1053 dimidio
939 990 1242 1071 putrique
1271 990 1490 1066 siluro,

132 1090 401 1169 filaque
431 1087 651 1150 sectivi
680 1092 1013 1150 numerata
1041 1088 1366 1151 includere
1395 1087 1597 1169 porri3

133 1188 223 1248 in
234 1186 479 1249 vitatus
505 1187 579 1248 ad
615 1186 769 1271 haec
796 1186 1027 1266 aliquis
1054 1188 1133 1249 de
1161 1184 1355 1268 ponte
1383 1185 1664 1265 negabit.

135 1286 273 1348 sed
306 1274 433 1364 quo
461 1284 717 1347 divitias
743 1284 910 1346 haec'
929 1305 1043 1365 per
1071 1282 1389 1347 tormenta
1418 1278 1711 1359 coactas3‘
2252 1288 2367 1347 135

136 1388 317 1445 cum
346 1383 528 1444 furor
555 1382 716 1444 haut
744 1383 999 1458 dubius,
1033 1403 1181 1445 cum
1211 1383 1293 1445 sit
1324 1382 1662 1444 manifesta
1688 1382 2035 1463 phrenesin,

137 1485 238 1543 ut
269 1481 555 1561 locuples
582 1480 891 1555 moriaris,
925 1481 1171 1560 egentis
1199 1481 1407 1544 vivere
1435 1481 1570 1542 fato
1589 1481 1620 1541 ’ἓ
1652 1537 1656 1542 .

140 1579 411 1640 interea
440 1578 628 1659 pleno
656 1599 804 1641 cum
830 1581 1050 1659 turget
1077 1578 1361 1641 sacculus
1389 1598 1517 1652 ore,

141 1676 394 1740 crescit
422 1696 599 1738 amor
628 1676 899 1750 nummi,
936 1674 1248 1757 quantum
1280 1676 1417 1757 ipsa
1442 1675 1712 1756 pecunia
1739 1675 1960 1751 crevit,

144 1778 229 1837 et
258 1772 477 1836 minu‘s
504 1774 670 1836 hanc
698 1778 880 1854 optat
908 1774 1021 1854 qui
1050 1794 1181 1836 non
1209 1774 1421 1836 habet.
1512 1792 1662 1853 ergo
1689 1776 1953 1854 paratur
2252 1777 2367 1836 140

146 1873 219 1934 al
231 1880 367 1935 tera
396 1871 546 1934 villa
577 1871 714 1945 tibi,
748 1891 893 1933 cum
925 1891 1035 1933 rus
1063 1890 1193 1933 non
1222 1870 1459 1933 sufficit
1485 1891 1715 1945 unum,

69 1998 76 2003 ·
147 1975 227 2033 et
257 1970 544 2051 proferre
571 1969 729 2031 libet
758 1970 917 2030 fines
947 1969 1271 2049 maiorque
1300 1968 1554 2031 videtur

148 2072 227 2130 et
257 2067 484 2129 melior
516 2066 720 2129 vicina
748 2086 944 2148 seges,
980 2067 1275 2129 mercaris
1302 2070 1369 2129 et
1396 2067 1564 2128 hanc
1590 2070 1656 2129 et

148 2167 424 2228 arbusta
450 2170 516 2227 et
545 2166 739 2228 densa
765 2169 1051 2227 montem
1083 2166 1193 2246 qui
1222 2170 1408 2242 canet
1436 2166 1622 2228 oliva.

152 2253 441 2345 fluorum
471 2263 522 2324 si
553 2263 758 2345 pretio
787 2263 1087 2325 dominus
1114 2284 1245 2325 non
1277 2263 1557 2327 vincitur
1585 2264 1741 2339 ullo,
2252 2268 2366 2327 145

153 2366 351 2425 nocte
380 2363 567 2425 boves
598 2361 792 2423 macri
820 2362 1106 2442 lassoque
1133 2361 1428 2423 famelica
1455 2362 1617 2424 collo

152 2461 457 2522 iumenta
483 2460 565 2522 ad
598 2460 826 2523 virides
852 2459 1047 2521 huius
1075 2460 1419 2521 mittentur
1445 2459 1686 2533 aristas,

158 2578 285 2621 nec
315 2559 409 2639 pri
421 2578 492 2620 us
521 2558 670 2620 inde
701 2558 963 2620 domum
994 2579 1186 2638 quam
1218 2562 1351 2620 tota
1380 2557 1630 2620 novalia
1657 2577 1869 2619 saevos

156 2657 237 2718 in
265 2659 517 2718 ventres
545 2656 795 2731 abeant,
829 2660 905 2718 ut
932 2657 1151 2718 credas
1177 2655 1451 2719 falcibus
1479 2658 1712 2717 actum.

159 2755 376 2816 dicere
404 2753 512 2817 vix
540 2754 739 2835 possis
768 2773 961 2834 quam
990 2754 1182 2815 multi
1212 2753 1367 2816 talia
1393 2754 1648 2834 plorent
2251 2756 2367 2816 150

161 2855 232 2914 et
261 2857 420 2932 quot
451 2853 697 2914 venales
724 2851 962 2914 iniuria
991 2852 1217 2914 fecerit
1244 2872 1444 2931 agros.

162 2950 276 3011 sed
306 2949 419 3031 qui
447 2969 785 3024 sermones,
821 2970 1014 3030 quam
1043 2951 1265 3012 foedae
1295 2948 1530 3011 bucina
1557 2948 1781 3011 famae.

168 3048 188 3076 ‘
211 3047 370 3127 quid
399 3049 586 3109 nocet
613 3048 768 3109 haec
786 3048 817 3108 ’ἓ
839 3048 857 3078 ’
890 3046 1106 3127 inquit
1138 3047 1155 3076 ‘
1180 3047 1466 3109 tunicam
1494 3046 1656 3108 mihi
1686 3047 1854 3109 malo
1881 3045 2094 3128 lupini

166 3164 362 3224 quam
391 3145 441 3207 si
471 3165 572 3208 me
601 3148 738 3208 toto
766 3146 988 3208 laudet
1015 3145 1249 3207 vicinia
1277 3165 1441 3227 pago

163 3241 382 3324 exigui
411 3243 577 3305 ruris
603 3242 983 3324 paucissima
1007 3245 1180 3305 farra
1207 3242 1575 3306 secantem.'
2251 3246 2367 3306 155

165 3338 409 3402 scilicet
435 3342 501 3402 et
528 3341 764 3403 morbis
793 3344 858 3403 et
886 3340 1213 3403 debilitate
1241 3341 1502 3416 carebis,

166 3440 234 3498 et
259 3435 513 3499 luctum
541 3441 607 3500 et
635 3458 854 3501 curam
884 3436 1172 3519 effugies,
1206 3442 1272 3500 et
1301 3441 1590 3520 tempora
1615 3438 1783 3503 vitae

164 3533 355 3615 longa
383 3535 432 3596 ti
443 3535 504 3598 bi
532 3537 796 3617 posthac
824 3536 960 3599 fato
989 3536 1248 3599 meliore
1277 3537 1629 3612 dabuntur,

166 3632 218 3693 si
247 3635 505 3694 tantum
534 3633 693 3696 culti
722 3633 894 3696 solus
921 3634 1270 3715 possederis
1297 3634 1459 3715 agri,

166 3731 482 3809 quantum
513 3731 631 3794 sub
660 3731 849 3794 Tatio
883 3732 1163 3813 populus
1192 3733 1519 3796 Romanus
1546 3733 1785 3796 arabat.
2253 3734 2369 3795 160
