2787 4328
405 304 493 370 90
1142 301 1204 344 D.
1256 299 1449 345 IVNII
1496 299 1880 348 IVVENALIS

407 451 689 527 Italiam3
733 471 862 513 non
892 450 981 512 sic
1011 449 1211 529 igitur
1238 449 1548 512 mirabere
1575 455 1799 531 portus

405 556 563 629 quos
593 552 822 610 natura
849 548 1048 609 dedit.
1136 549 1240 609 sed
1273 552 1505 609 trunca
1532 567 1750 628 puppe
1780 548 2081 647 magister

405 646 594 721 interi
733 645 897 726 petit
929 644 1200 706 Baianae
1231 645 1449 733 ‘pervia
1476 645 1767 711 cumbae

404 744 533 805 tuti
565 666 789 824 εᾷςηα
817 743 1014 805 sinus.
1101 743 1384 823 gaudent
1415 740 1502 802 ibi
1536 742 1767 804 vertice
1795 762 1931 803 raso

403 820 660 921 garrula
687 841 887 902 securi
921 859 1172 901 narrare
1201 839 1509 948 pericula·
1514 843 1765 900 nautae.

486 938 574 1000 ite
603 938 825 1018 igitur,
860 936 1064 1018 pueri,
1098 934 1340 1016 linguis
1367 936 1726 1015 animisque
1754 937 2041 998 faventes

404 1040 696 1115 sertaque
724 1035 1005 1097 delubris
1032 1038 1097 1095 et
1124 1034 1295 1096 sarra
1324 1033 1616 1113 inponite
1647 1033 1872 1095 cultris

404 1152 475 1194 ac
506 1133 714 1194 mollis
742 1136 960 1194 ornate
988 1132 1160 1193 focos
1188 1131 1611 1211 glaebamque*
1632 1129 1964 1192 virentem.

407 1231 531 1292 iam
563 1248 788 1310 sequar
815 1232 1101 1303 et-sacro,
1138 1229 1308 1308 quod
1337 1232 1637 1308 praestat,
1672 1228 1803 1290 rite
1822 1214 2077 1309 peracto

406 1322 556 1389 inde
585 1328 847 1389 domum
877 1331 1178 1408 repetam,
1213 1325 1477 1405 graciles
1506 1325 1618 1386 ubi
1649 1344 1843 1404 parva
1871 1306 2165 1408 coronas*

405 1425 731 1505 accipiunt
757 1424 974 1504 fragili
1003 1420 1340 1485 simulacra
1367 1422 1647 1483 nitentia
1676 1442 1837 1499 cera,

407 1524 511 1585 hic
541 1528 829 1585 nostrum
859 1522 1119 1603 placabo
1147 1514 1363 1583 Iovem
1393 1508 1799 1600 Laribusque
1818 1514 2103 1601 paternis

408 1625 553 1683 tura
579 1621 741 1683 dabo
769 1624 961 1699 atque
989 1619 1196 1685 omnis
1223 1619 1424 1681 violae
1453 1618 1699 1680 iactabo
1728 1615 2007 1703 colores,¹

406 1723 640 1780 cuncta
670 1718 900 1791 nitent,
934 1716 1155 1797 longos
1182 1716 1383 1778 erexit
1411 1716 1605 1777 ianua
1634 1717 1841 1777 ramos
1928 1756 1937 1765 -

407 1824 471 1877 et
498 1814 835 1877 matutinis
863 1819 1160 1895 operatur
1187 1813 1674 1875 festa'lucernis.

407 1933 523 1974 nec
551 1916 842 1993 suspecta
868 1911 988 1973 tibi
1016 1911 1147 1973 sint
1175 1912 1348 1985 haec,
1386 1909 1683 1981 Corvine‚
1774 1910 2069 1972 Catullus

406 2030 521 2090 pro
552 2009 735 2071 cuius
764 2008 968 2070 reditu
1004 2012 1102 2070 tot
1130 2028 1297 2088 pono
1325 2007 1572 2080 altaria,
1607 2024 1865 2086 parvos=

409 2112 537 2170 tres
564 2107 755 2169 habet
783 2106 1058 2169 heredes.
1151 2105 1305 2168 libet
1333 2108 1662 2185 expectare
1693 2103 1836 2185 quis
1870 2125 2122 2185 aegram

408 2210 474 2267 et
502 2206 903 2268 claudentem
933 2205 1145 2266 oculos
1173 2204 1473 2284 gallinam
1507 2203 1819 2283 inpendat
1845 2203 2048 2265 amico

410 2308 540 2366 tam
570 2303 791 2377 sterili,
824 2322 1044 2364 verum
1073 2303 1226 2362 haec
1257 2301 1457 2362 nimia
1483 2304 1579 2362 est
1607 2300 1894 2381 inpensa,
1928 2301 2225 2363 coturnix

409 2401 588 2462 nulla
617 2420 920 2480 umquam
952 2419 1065 2478 pro
1094 2404 1274 2479 patre
1302 2399 1503 2460 cadet.
1596 2397 1829 2459 sentire
1858 2397 2128 2459 calorem

408 2499 460 2560 si
489 2497 699 2578 coepit
725 2497 1006 2577 locuples
1037 2497 1302 2558 Gallitta
1329 2500 1396 2558 et
1427 2496 1653 2557 Pacius
1682 2495 1841 2568 orbi,

409 2596 692 2676 legitime
720 2594 862 2656 fixis
890 2595 1157 2656 vestitur
1189 2599 1322 2655 tota
1349 2593 1584 2655 libellis

408 2693 711 2775 porticus,
746 2691 1030 2754 existunt
1061 2692 1168 2771 qui
1200 2691 1582 2772 promittant
1610 2689 2046 2764 hecatomben,

411 2795 724 2888 quatenus
751 2790 857 2851 hic
885 2809 1012 2850 non
1045 2793 1196 2850 sunt
1225 2809 1341 2851 nec
1371 2788 1619 2850 venales
1648 2785 1996 2867 elephanti,

412 2909 526 2950 nec
557 2887 738 2949 Latio
767 2890 881 2949 aut
911 2906 1179 2965 usquam
1210 2887 1326 2948 sub
1356 2889 1572 2947 nostro
1603 2885 1804 2947 sidere
1834 2885 1979 2946 talis

411 2986 596 3047 belua
624 2984 1004 3064 concipitur,
1039 2984 1145 3044 sed
1175 2983 1364 3045 furva
1391 2986 1582 3063 gente
1611 2981 1821 3063 petita

411 3082 739 3146 arboribus
768 3080 1026 3144 Rutulis
1054 3084 1121 3142 et
1149 3081 1355 3142 Turni
1385 3080 1668 3161 pascitur
1695 3098 1867 3158 agr0,

414 3178 692 3243 Caesaris
720 3182 1082 3241 armentum
1111 3178 1276 3239 nulli
1307 3198 1405 3239 sei
1409 3177 1537 3239 vire
1569 3179 1864 3257 paratum

413 3278 682 3359 privat0,
716 3276 1029 3357 siquidem
1061 3275 1254 3355 Tyrio
1283 3295 1502 3356 parere
1532 3274 1816 3336 solebant

414 3374 761 3437 Hannibali
792 3378 857 3436 et
884 3374 1116 3436 nostris
1145 3374 1416 3435 ducibus
1444 3372 1704 3452 regique
1734 3365 2003 3433 Molosso

412 3474 645 3535 horum
676 3472 940 3534 maiores
967 3491 1041 3533 ac
1068 3472 1250 3533 dorso
1279 3473 1446 3533 ferre
1475 3468 1773 3543 cohortis,

413 3574 660 3653 partem
689 3570 970 3649 aliquam
996 3567 1243 3648 belli,et
1273 3573 1536 3630 euntem
1565 3568 1633 3628 in
1664 3567 1903 3647 proelia
1932 3570 2196 3631 turrem.

416 3668 595 3729 nulla
623 3666 825 3748 igitur
853 3687 1029 3729 mora
1055 3687 1168 3748 per
1197 3667 1501 3739 Novium,
1536 3684 1713 3726 mora
1741 3665 1921 3726 nulla
1950 3684 2061 3745 per
2093 3666 2392 3728 Histrum

418 3763 793 3838 Pacuvium,
827 3763 985 3844 quin
1016 3764 1175 3826 illud
1208 3765 1364 3825 ebur
1391 3765 1667 3825 ducatur
1694 3762 1776 3824 ad
1803 3780 1943 3824 aras

2538 1137 2620 1197 85

2536 1625 2635 1682 90·

2535 2110 2726 2170 95*

2493 2596 2622 2657 100

2493 3081 2619 3145 105

2499 3572 2621 3631 110
