2787 4328
1115 295 1380 348 SATVRA
1428 301 1536 345 VII
2349 308 2426 376 57

216 448 544 529 paenituit
572 450 808 513 multos
835 472 1031 514 vanae
1061 450 1418 530 sterilisque
1449 420 1806 526 cathedrae,

47 564 93 633 ἢ·
218 544 387 607 sicut
418 546 778 626 Lysimachi
806 550 1033 629 probat
1060 549 1269 610 exitus
1297 555 1490 628 atque
1522 548 1797 611 Secundi

220 626 600 720 Carrinatis3
644 642 955 709 ethunc
939 667 1194 726 inopem
1224 646 1494 721 vidistis,
1530 647 1843 722 Athenae,
2306 656 2424 715 205

217 741 311 801 1111
342 745 594 852 praeter
621 744 859 822 gelidas
887 762 1071 806 ausae
1102 745 1389 806 conferre
1420 745 1680 806 cicutas.

217 838 307 912 di,
342 839 654 900 maiorum
686 843 928 903 umbris
957 849 1216 904 tenuem
1245 847 1311 902 et
1340 842 1477 902 sine
1512 843 1787 922 pondere
1816 846 2049 906 terram

163 942 168 947 ’
216 936 642 1018 spirantisque
671 958 881 1001 crocos
909 944 975 1001 et
1004 940 1071 1000 in
1100 960 1263 1000 urna
1293 944 1678 1019 perpetuum
1708 959 1841 1014 ver,

218 1036 329 1114 qui
360 1041 829 1116 praeceptorem
858 1038 1061 1099 sancti
1090 1038 1344 1099 voluere
1373 1038 1657 1117 parentis

215 1151 345 1194 esse
376 1133 544 1206 loco„
620 1138 910 1197 metuens
940 1136 1154 1214 virgae
1179 1135 1306 1196 iam
1335 1135 1595 1214 grandis
1623 1134 1909 1198 Achilles
2304 1142 2422 1201 210

156 1309 162 1314 .
215 1231 515 1292 cantabat
542 1233 767 1312 patriis
798 1234 865 1294 in
895 1233 1315 1323 montibusNet
1343 1233 1449 1294 cui
1479 1253 1607 1294 non
1637 1236 1795 1295 tunc

214 1327 482 1401 eliceret
502 1329 702 1409 risum
731 1330 1081 1392 citharoedi
1110 1332 1310 1392 cauda
1340 1330 1652 1409 magistri,

212 1427 320 1487 sed
362 1427 601 1487 Rufum
631 1432 821 1507 atque
850 1427 1005 1490 alios
1034 1428 1242 1489 caedit
1271 1448 1383 1488 sua
1413 1447 1730 1507 quemque
1760 1427 2081 1504 iuventae,

214 1523 488 1598 Rufum,
522 1544 709 1604 quem
741 1525 976 1586 totiens
1006 1526 1379 1588 Ciceronem
1411 1525 1753 1604 Allobroga
1782 1525 1966 1588 dixit.

207 1672 212 1675 .
298 1621 440 1701 quis
468 1622 713 1711 gremio
744 1622 961 1684 Celadi
991 1623 1290 1702 doctique
1322 1622 1718 1684 Palaemonis
1745 1623 1959 1684 adfert
2304 1629 2421 1687 215

214 1722 535 1799 quantum
565 1716 1018 1799 grammaticus
1047 1720 1283 1781 meruit
1311 1720 1488 1781 labor
1506 1722 1536 1780 Ῥ
1618 1723 1683 1781 et
1711 1723 1926 1782 tamen
1955 1741 2033 1782 ex
2061 1720 2182 1783 hoc

185 1822 188 1825 '
212 1817 665 1896 quodcumque
695 1821 811 1891 est,
846 1816 1058 1878 minus
1087 1822 1183 1879 est
1211 1821 1427 1879 autem
1460 1837 1650 1897 quam
1680 1816 1954 1879 rhetoris
1981 1837 2148 1892 aera,

211 1913 515 1994 discipuli
545 1918 756 1976 custos
784 1917 1184 1996 praemordet
1212 1918 1696 1989 acoenonoetus,

209 2015 281 2073 et
309 2012 416 2092 (1111
448 2012 795 2092 dispensat,
829 2012 1075 2093 frangit
1104 2014 1246 2085 sibi.
1335 2014 1508 2087 cede,
1546 2013 1907 2088 Palaemon,

210 2113 281 2172 et
308 2116 524 2189 patere
554 2110 705 2172 111119
734 2110 977 2191 aliquid
1009 2111 1156 2172 decr
1158 2130 1383 2185 escere,
1420 2130 1546 2172 non
1580 2110 1762 2173 aliter
1794 2130 1982 2192 quam
2304 2116 2422 2176 220

212 2208 474 2269 institor
503 2207 802 2269 hibernae
831 2207 1061 2288 tegetis
1092 2208 1385 2287 niveique
1416 2208 1694 2282 cadurci,

182 2377 195 2386 ‘
213 2305 566 2367 dummodo
596 2325 727 2367 non
756 2309 971 2386 pereat
998 2306 1242 2367 mediae
1272 2307 1442 2385 quod
1473 2306 1677 2367 noctis
1705 2306 1783 2367 ab
1810 2281 1968 2369 hora

119 2439 127 2444 ·
216 2403 458 2476 sedisti,
494 2424 620 2484 qua
647 2423 833 2464 nemo
861 2404 1060 2477 faber,
1096 2423 1219 2483 qua
1248 2423 1435 2465 nemo
1466 2404 1711 2464 sederet

216 2500 327 2580 qui
358 2500 543 2561 docet
571 2499 827 2579 obliquo
854 2499 1068 2561 lanam
1098 2500 1407 2561 deducere
1436 2501 1635 2575 ferr03

217 2597 568 2659 dummodo
594 2617 725 2658 non
753 2603 972 2678 pereat
1000 2598 1270 2659 totidem
1300 2597 1586 2658 olfecisse
1615 2597 1925 2674 lucernas,
2300 2602 2419 2662 225

219 2699 376 2775 quot
405 2696 661 2757 stabant
687 2695 892 2775 pueri,
926 2715 1073 2757 cum
1104 2699 1278 2757 totus
1308 2696 1560 2756 decolor
1588 2698 1750 2756 esset

216 2792 483 2854 Flaccus
511 2796 577 2854 et
604 2791 889 2854 haereret
918 2792 1102 2872 nigro
1129 2792 1339 2873 fuligo
1372 2792 1631 2856 Maroni,

217 2909 359 2951 rara
388 2893 600 2951 tamen
630 2909 866 2953 merces
895 2909 1055 2969 quae
1084 2889 1450 2968 cognitione
1481 2888 1725 2950 tribuni

217 3007 348 3050 non
378 2991 580 3068 egeat.
669 2988 773 3048 sed
805 3007 915 3049 vos
943 3007 1153 3049 saevas
1183 2986 1475 3068 inponite
1503 2987 1694 3066 legeS,

83 3079 102 3090 ’
216 3088 295 3145 ut
321 3084 714 3165 pra'eceptori
745 3085 1081 3146 verborum
1111 3086 1330 3164 regula
1359 3088 1627 3158 constet,
2303 3090 2422 3149 230

89 3245 97 3250 ,
215 3186 294 3243 1111
319 3182 495 3262 legat
521 3180 835 3256 historias,
870 3187 1159 3245 auctores
1187 3182 1439 3244 noverit
1469 3202 1686 3244 omnes

213 3284 542 3361 tamquam
574 3300 820 3359 ungues
847 3280 1206 3360 digitosque
1236 3300 1402 3353 suos,
1437 3283 1512 3340 ut
1540 3280 1708 3342 forte
1739 3283 1998 3360 rogatus

212 3378 374 3440 dum
402 3377 567 3458 petit
595 3381 709 3438 aut
737 3377 1016 3439 thermas
1044 3382 1158 3438 aut
1189 3377 1428 3438 Phoebi
1460 3377 1703 3452 balnea,
1738 3377 1910 3439 dicat

21 3519 38 3540 1
95 3537 100 3542 .
211 3476 535 3556 nutricem
564 3475 905 3549 Anchisae,
940 3496 1173 3537 nomen
1202 3475 1603 3555 patriamque
1634 3494 1935 3538 novercae

209 3551 621 3648 Anchemoli,
655 3573 827 3635 dicat
858 3575 1015 3653 quot
1044 3572 1302 3635 Acestes
1334 3573 1563 3634 vixerit
1591 3572 2260 3646 11111113,Δ
2302 3576 2420 3635 235

211 3675 373 3753 quot
403 3669 602 3733 Siculi
633 3670 995 3750 Phrygibus
1023 3669 1157 3731 vini
1187 3670 1519 3731 donaverit
1547 3690 1761 3732 urnas.

212 3768 453 3849 exigite
481 3771 559 3829 ut
586 3787 791 3830 mores
819 3770 1069 3829 teneros
1095 3786 1212 3828 9911
1240 3766 1471 3848 pollice
1500 3768 1714 3842 ducat,
