2787 4328
430 291 519 356 40
1169 287 1232 332 D.
1282 286 1478 334 IVNII
1520 286 1904 334 IVVENALIS
2740 0 2756 403 l

432 439 825 521 simpuvium
854 439 1063 501 ridere
1092 439 1345 502 Numae
1374 438 1760 518 nigrumque
1789 438 2078 500 catinum

431 542 496 600 et
527 536 836 600 Vaticano
864 537 1123 618 fragiles
1150 537 1230 599 de
1258 542 1475 598 monte
1503 536 1770 616 patellas

431 655 620 698 ausus
648 636 833 697 erat?
914 635 1226 696 sed·nunc
1255 634 1336 695 ad
1367 653 1523 713 quas
1551 654 1681 695 non
1713 634 1974 696 Clodius
2001 637 2187 697 aras?
2519 639 2650 698 345

511 734 702 794 audio
732 732 886 812 quid
918 735 1155 794 veteres
1183 731 1336 792 olim
1366 732 1677 792 moneatis
1704 732 1922 793 amici:
2746 682 2758 809 l

436 831 454 860 ‘
473 851 640 912 pone
668 849 890 904 seram,
925 829 1241 911 prohibe.’
1328 829 1436 890 sed
1468 829 1609 909 quis
1637 830 1954 892 custodiet
1980 830 2149 911 ipsos

430 929 721 991 custodes
740 930 770 988 Ρ
851 932 1039 989 cauta
1066 930 1161 988 est
1188 929 1255 988 et
1282 926 1361 987 ab
1390 926 1520 988 illis
1548 926 1778 1008 incipit
1805 946 1983 988 uxor.

431 1026 683 1106 iamque
712 1027 932 1088 eadem
961 1023 1225 1086 summis
1252 1024 1492 1105 pariter
1526 1024 1934 1105 minimisque
1963 1025 2182 1100 libid0‚

430 1143 546 1186 nec
576 1124 817 1198 melior,
851 1123 1090 1185 silicem
1120 1123 1388 1204 pedibus
1419 1142 1580 1203 quae
1607 1123 1882 1185 conterit
1907 1127 2143 1196 atrum,
2516 1126 2644 1185 350

431 1241 621 1301 quam
650 1240 810 1301 quae
836 1220 1173 1300 longorum
1205 1220 1462 1282 vehitur
1488 1221 1728 1282 cervice
1757 1220 2080 1301 Syrorum.
2149 1253 2163 1269 ·

509 1322 585 1380 ut
612 1321 852 1399 spectet
879 1319 1084 1391 ludos,
1118 1318 1422 1379 conducit
1452 1317 1733 1398 Ogulnia
1757 1321 2018 1393 vestem,

428 1415 729 1477 conducit
756 1414 1017 1477 comites
1045 1415 1259 1477 sellam
1293 1415 1559 1477 cervical
1589 1415 1822 1477 amicas
2753 1429 2762 1471 ι

427 1512 744 1574 nutricem
773 1517 839 1574 et
865 1512 1093 1573 flavam
1121 1511 1224 1573 cui
1255 1512 1367 1573 det
1395 1513 1698 1574 mandata
1723 1512 2027 1593 puellam.

426 1609 581 1671 haec
609 1614 822 1672 tamen
851 1609 1098 1689 argenti
1128 1613 1418 1691 superest
1445 1610 1890 1690 quodcumque
1917 1609 2191 1691 paterni,
2512 1613 2631 1672 355

427 1707 668 1769 levibus
696 1705 955 1769 athletis
982 1710 1047 1768 et
1077 1726 1220 1769 vasa
1247 1706 1590 1769 novissima
1617 1708 1842 1770 donat:

427 1804 650 1866 multis
677 1824 774 1867 res
802 1807 1072 1885 angusta
1098 1804 1295 1879 domi,
1332 1805 1441 1866 sed
1471 1805 1649 1867 nulla
1676 1806 1988 1886 pudorem

425 1901 818 1983 paupertatis
846 1901 1038 1963 habet
1065 1920 1183 1963 nec
1212 1921 1276 1964 se
1305 1902 1574 1964 metitur
1601 1903 1682 1963 ad
1712 1902 1898 1964 illum

428 2018 616 2079 quem
645 1999 824 2061 dedit
853 1998 1007 2061 haec
1035 1999 1375 2080 posuitque
1405 2000 1689 2061 modum.
1781 2004 1997 2062 tamen
2026 2000 2185 2062 utile
2214 1999 2369 2080 quid
2398 1999 2504 2074 sit,
2740 2048 2764 2093 q

425 2096 824 2178 prospiciunt
850 2096 1194 2177 aliquando
1222 2096 1367 2171 viri,
1402 2095 1735 2179 frigusque
1763 2098 2129 2178 famemque
2510 2101 2631 2159 360

425 2194 693 2257 formica
721 2196 981 2258 tandem
1012 2195 1273 2275 quidam
1301 2214 1608 2276 expavere
1637 2196 1969 2276 magistra:

424 2293 692 2373 prodiga
719 2313 848 2356 non
878 2294 1074 2355 sentit
1101 2296 1477 2373 pereuntem
1506 2293 1748 2355 femina
1775 2312 2058 2355 censum.

425 2410 497 2452 ac
527 2391 701 2452 velut
728 2390 1034 2453 exhausta
1061 2390 1383 2452 redivivus
1413 2391 1691 2471 pullulet
1719 2411 1862 2453 arca

427 2508 729 2550 nummus
757 2491 822 2550 et
848 2508 883 2550 e
910 2488 1100 2569 pleno
1132 2488 1397 2550 tollatur
1425 2508 1671 2569 semper
1697 2508 1938 2563 acerm,

425 2605 555 2647 non
583 2606 850 2667 usquam
880 2589 1202 2667 reputant,
1237 2585 1465 2666 quanti
1493 2585 1612 2648 sibi
1641 2585 1876 2666 gaudia
1902 2590 2211 2649 constent.
2509 2591 2632 2650 365

424 2796 502 2842 VI
522 2782 601 2843 A.
692 2781 763 2843 in
792 2801 1194 2862 quacumque
1222 2782 1413 2843 domo
1445 2781 1601 2844 vivit
1627 2782 1926 2862 luditque
1952 2782 2272 2862 professus
2740 2801 2766 2862 ff

585 2879 962 2941 obscaenum
994 2880 1268 2942 tremula
1299 2879 1623 2960 promittit
1651 2883 1716 2941 et
1743 2879 1958 2941 omnia
1986 2880 2237 2941 dextra:

585 2976 868 3039 invenies
896 2977 1104 3040 omnis
1132 2983 1351 3058 turpes
1381 2977 1742 3057 similesque
1770 2976 2071 3039 cinaedis.

585 3074 687 3136 his
714 3075 945 3137 violare
976 3075 1146 3136 cibos
1176 3094 1508 3155 sacraeque
1536 3074 1837 3137 adsistere
1865 3093 2115 3137 mensae

464 3177 501 3234 5
584 3172 971 3252 permittunt
1000 3177 1067 3235 et
1096 3193 1241 3235 vasa
1270 3173 1496 3235 iubent
1525 3173 1881 3253 frangenda
1907 3172 2127 3246 lavari,

585 3289 732 3331 cum
761 3270 1137 3351 colocyntha
1165 3270 1329 3332 bibit
1360 3272 1458 3332 vel
1487 3290 1635 3332 cum
1663 3270 1924 3332 barbata
1951 3269 2266 3332 chelidon.

582 3366 804 3447 purior
832 3388 983 3448 ergo
1015 3369 1142 3429 tuis
1170 3368 1410 3431 laribus
1439 3368 1790 3448 meliorque
1818 3367 2071 3441 lanista,
2732 3390 2766 3428 -n

583 3465 652 3527 in
682 3466 865 3528 cuius
894 3486 1162 3528 numero
1189 3465 1378 3547 longe
1409 3466 1681 3546 migrare
1712 3466 1969 3527 iubetur

584 3563 833 3644 Psyllus
860 3565 939 3628 ab
969 3563 1311 3644 Eupholio.
1401 3564 1556 3643 quid
1588 3564 1756 3643 quod
1787 3582 1902 3625 nec
1930 3562 2090 3625 retia
2116 3561 2294 3642 turpi

424 3666 500 3724 10
582 3661 945 3741 iunguntur
974 3660 1248 3735 tunicae,
1283 3680 1398 3723 nec
1428 3661 1587 3723 cella
1615 3661 1799 3740 ponit
1839 3660 2057 3723 eadem

585 3761 986 3821 munimenta
1012 3757 1217 3821 umeri
1245 3758 1736 3839 pulsantemque
1762 3777 1939 3819 arma
1965 3757 2311 3820 tridentem
