2787 4328
1185 282 1453 329 SATVRA
1499 282 1544 328 X
1671 309 1684 321 ·

250 454 386 497 non
414 434 635 497 eadem
665 433 797 495 vini
826 437 1019 515 atque
1045 432 1171 496 cibi
1203 437 1495 516 torpente
1526 436 1735 517 palato

250 526 586 621 gaudia.j‘
603 549 750 593 nam
779 532 985 594 coitus
1012 530 1140 593 iam
1169 533 1361 613 longa
1392 535 1647 609 oblivio,
1681 536 1780 599 vel
1808 535 1862 598 si

250 633 516 705 coneris,
556 631 718 692 iacet
743 631 1011 711 exiguus
1039 650 1187 692 cum
1218 632 1450 694 ramice
1472 653 1712 696 nervus

249 734 318 792 et
349 730 639 811 quamvis
668 732 803 790 tota
831 729 1128 808 palpetur
1158 734 1362 804 nocte,
1399 732 1643 794 iacebit.

250 848 420 890 anne
450 827 692 909 aliquid
722 847 969 907 sperare
997 832 1209 909 potest
1237 829 1393 897 haec
1423 830 1708 909 inguinis
1735 831 1907 911 aegri

251 930 520 992 canities
539 931 568 989 Ῥ
652 928 807 1009 quid
838 929 1007 1008 quod
1038 930 1265 991 merito
1293 934 1585 1010 suspecta
1611 930 1811 992 libido
1837 934 1933 992 est

125 1086 132 1091 .
252 1048 415 1107 quae
444 1048 735 1091 venerem
765 1030 1046 1090 adfectat
1074 1028 1208 1090 sine
1241 1013 1529 1091 viribus?
1608 1030 1814 1110 aspice
1841 1029 2040 1111 partis

250 1145 429 1188 nunc
458 1127 767 1188 damnum
794 1125 1078 1188 alterius.
1166 1146 1316 1188 nam
1347 1146 1507 1206 quae
1536 1131 1834 1189 cantante
1865 1127 2174 1208 voluptas,

251 1223 338 1285 sit
365 1223 519 1286 licet
545 1224 835 1299 eximius,
870 1225 1235 1286 citharoedo
1264 1224 1393 1286 sive
1425 1224 1684 1287 Seleuco

250 1325 317 1383 et
346 1322 579 1402 quibus
606 1327 826 1385 aurata
854 1344 990 1385 mos
1016 1327 1112 1385 est
1139 1323 1387 1403 fulgere
1416 1323 1714 1385 lacerna?

252 1419 411 1499 quid
439 1421 658 1495 refert,
692 1421 908 1500 magni
935 1421 1152 1482 sedeat
1181 1440 1308 1500 qua
1334 1425 1516 1500 parte
1547 1420 1780 1483 theatri

251 1517 365 1596 qui
395 1517 504 1579 vix
531 1517 883 1581 cornicines
910 1517 1206 1581 exaudiet
1232 1522 1426 1598 atque
1458 1518 1759 1580 tubarum

249 1619 596 1678 concentus
615 1617 645 1676 Ῥ
727 1604 998 1678 clamore
1026 1635 1186 1697 opus
1213 1618 1328 1689 est,
1366 1619 1438 1676 ut
1467 1616 1699 1678 sentiat
1726 1616 1896 1679 auris

252 1731 443 1792 quem
472 1713 645 1775 dicat
672 1713 913 1775 venisse
942 1732 1121 1794 puer,
1156 1715 1314 1793 quot
1340 1712 1602 1774 nuntiet
1628 1713 1834 1774 horas.

250 1813 575 1889 praeterea
602 1811 907 1872 minimus
934 1811 1145 1891 gelido
1174 1811 1301 1872 iam
1331 1810 1401 1870 in
1430 1830 1691 1891 corpore
1721 1811 1976 1890 sanguis

249 1904 428 1968 febre
455 1909 618 1969 calet
645 1908 796 1981 sola,
829 1907 1204 1969 circumsilit
1233 1906 1488 1987 agmine
1515 1908 1687 1969 facto

250 2005 617 2066 morborum
648 2024 834 2067 omne
861 2025 1082 2085 genus,
1118 2025 1391 2085 quorum
1422 2005 1474 2067 si
1505 2005 1766 2068 nomina
1795 2026 2075 2087 quaeras,

249 2103 612 2210 promptius
639 2102 969 2190 expediam
999 2106 1155 2184 quot
1183 2103 1489 2164 amaverit
1519 2103 1729 2186 Oppia
1756 2104 2067 2180 moechos,

250 2204 408 2281 quot
438 2179 782 2264 Themison
811 2222 1028 2282 aegros
1056 2205 1368 2263 autumno
1396 2202 1701 2264 occiderit
1730 2223 1880 2277 unc,

250 2302 409 2380 quot
436 2299 685 2361 Basilus
713 2299 930 2373 socios,
965 2303 1122 2379 quot
1150 2299 1715 2381 circumscripserit
1744 2300 1980 2363 Hirrus

248 2397 549 2478 puplllos,
584 2401 742 2478 quot
767 2397 960 2477 longa
985 2397 1153 2459 viros
1180 2399 1475 2460 exorbeat
1504 2419 1635 2460 uno

197 2397 476 2585 [Maura
503 2495 627 2569 die,
662 2500 819 2576 quot
846 2495 1192 2575 discipulos
1220 2495 1490 2580 inclinet
1519 2496 1862 2571 Hamillus,

247 2612 613 2674 percurram
642 2593 833 2655 citius
862 2600 1016 2674 quot
1044 2593 1226 2655 villas
1255 2594 1572 2673 possideat
1602 2613 1775 2655 nunc

249 2710 376 2771 quo
403 2692 712 2754 tondente
738 2690 949 2772 gravis
976 2690 1191 2752 iuveni
1220 2691 1380 2752 mihi
1412 2692 1603 2753 barba
1630 2692 1910 2753 sonabat.

248 2787 354 2850 ille
382 2808 624 2863 umero,
657 2788 765 2850 hic
793 2788 1048 2863 lumbis,
1082 2789 1188 2850 hic
1217 2808 1371 2850 coxa
1402 2789 1656 2864 debilis;
1700 2789 1917 2850 ambos

245 2885 530 2966 perdidit
558 2884 665 2947 ille
693 2886 908 2947 oculos
935 2889 1001 2947 et
1028 2885 1218 2947 luscis
1248 2885 1523 2961 invidet3
1568 2885 1762 2947 huius

245 2983 485 3064 pallida
514 2984 686 3045 labra
714 2983 929 3045 cibum
959 2982 1283 3064 accipiunt
1311 2975 1532 3063 digitis
1561 2982 1801 3057 alienis,

247 3080 380 3162 ipse
410 3081 489 3142 ad
519 3084 928 3162 conspectum
957 3101 1146 3143 cenae
1175 3081 1473 3178 diducere
1503 3081 1737 3160 [igi-:pm

246 3182 463 3266 suetus
491 3178 630 3240 hiat
659 3182 914 3241 tantum
943 3199 1057 3241 ceu
1087 3179 1305 3260 pullus
1331 3179 1719 3255 hirundinis,
1753 3180 1833 3242 ad
1864 3200 2050 3262 quem

244 3296 352 3339 ore
380 3277 552 3339 volat
580 3278 770 3358 pleno
797 3282 1001 3339 mater
1026 3277 1262 3339 ieiuna.
1351 3277 1477 3338 sed·
1494 3277 1668 3339 omni

244 3375 674 3437 membrorum
703 3377 939 3437 damno
967 3375 1167 3436 maior
1195 3374 1536 3448 dementia,
1573 3394 1733 3455 quae
1763 3396 1879 3438 nec

245 3474 507 3538 nomina
534 3495 857 3537 servorum
887 3494 1003 3535 nec
1033 3473 1284 3535 vultum
1314 3473 1601 3553 agnoscit
1628 3473 1815 3535 amici

243 3592 392 3635 cum
422 3593 547 3653 quo
575 3572 917 3653 praeterita
944 3570 1194 3633 cenavit
1222 3575 1432 3644 nocte,
1466 3590 1582 3633 nec
1611 3570 1751 3633 illos

244 3690 404 3751 quos
423 3670 676 3752 genuit,
712 3690 869 3751 quos
896 3668 1142 3731 eduxit.
1227 3689 1377 3730 nam
1408 3669 1620 3730 codice
1649 3688 1830 3731 saevo

242 3766 506 3831 heredes
532 3770 706 3831 vetat
731 3787 862 3831 esse
889 3786 1055 3842 suos,
1085 3766 1253 3829 bona
1278 3768 1417 3827 tota
1442 3766 1744 3828 feruntur

2382 287 2463 355 77

2339 640 2457 700 205

2336 1133 2454 1191 210

2333 1622 2450 1681 215

2330 2110 2448 2169 220

2328 2599 2444 2658 225

2325 3087 2442 3145 230

2321 3576 2438 3636 235
