2787 4328
1170 262 1436 309 SATVRA
1482 263 1557 308 VI

252 420 714 480 testamentum
744 415 973 495 ingens
1000 414 1239 477 calidae
1267 415 1576 494 pulmone
1602 415 1929 477 columbae

252 517 525 576 tractato
556 511 901 575 Armenius
931 512 1028 573 vel
1061 511 1525 592 Commagenus
1553 512 1896 592 haruspex3

253 614 512 693 pectora
539 611 866 692 pullorum
895 609 1253 684 rimabitur,
1288 619 1434 671 exta
1462 610 1694 680 catelli,

254 710 581 772 interdum
614 712 680 769 et
708 707 921 789 pueri3
967 707 1160 769 faciet
1191 709 1361 787 quod
1392 708 1639 769 deferat
1667 707 1821 788 ipse.

258 808 591 869 Chaldaeis
620 807 726 868 sed
756 805 956 867 maior
984 805 1107 867 erit
1136 806 1397 879 fiducia;
1445 805 1757 885 quidquid

256 905 491 967 dixerit
518 904 891 983 astrologus,
926 904 1192 965 credent
1219 924 1256 965 a
1283 904 1465 964 fonte
1494 904 1766 983 relatum

255 1002 660 1077 Hammonis,
695 1001 995 1082 quoniam
1027 1001 1297 1082 Delphis
1326 1001 1580 1062 oracula
1608 1003 1855 1062 cessant

255 1103 321 1162 et
353 1120 556 1180 genus
584 1101 939 1161 humanum
969 1100 1233 1160 damnat
1261 1099 1466 1178 caligo
1493 1098 1724 1159 futuri.

255 1199 634 1279 praecipuus
662 1201 877 1259 tamen
906 1201 1003 1259 est
1029 1197 1283 1271 horum,
1320 1196 1432 1277 qui
1463 1197 1708 1277 saepius
1737 1197 1907 1271 exul,

256 1296 439 1357 cuius
467 1295 746 1357 amicitia
774 1295 1311 1374 conducendaque
1340 1295 1573 1356 tabella

255 1413 527 1473 magnus
556 1392 711 1455 civis
740 1392 873 1454 obit
901 1396 967 1454 et
994 1392 1378 1454 formidatus
1410 1391 1674 1453 Othoni.

256 1491 407 1552 inde
436 1492 591 1552 fides
618 1489 793 1564 artis,
828 1491 1043 1551 sonuit
1074 1490 1125 1551 si
1155 1491 1417 1551 dextera
1445 1489 1617 1551 ferro

254 1589 575 1668 laevaque,
610 1587 661 1649 si
693 1588 883 1666 longo
912 1591 1263 1649 castrorum
1293 1587 1361 1647 in
1392 1606 1638 1648 carcere
1667 1587 1922 1648 mansit.

255 1705 444 1747 nemo
473 1685 959 1747 mathematicus
988 1685 1247 1764 genium
1278 1684 1689 1746 indemnatus
1716 1684 1995 1757 habebit,

256 1787 363 1845 sed
397 1786 505 1864 qui
534 1803 735 1864 paene
763 1785 952 1862 perit,
988 1784 1091 1843 cui
1121 1782 1227 1844 vix
1256 1783 1325 1843 in
1359 1781 1632 1861 Cyclada
1660 1781 1833 1842 mitti

256 1881 529 1960 contigit
558 1884 622 1942 et
651 1900 844 1961 parva
874 1881 1131 1941 tandem
1161 1880 1433 1942 caruisse
1465 1879 1753 1960 Seripho.

255 1978 533 2039 consulit
561 1977 850 2039 ictericae
879 1977 1056 2039 lento
1085 1978 1163 2039 de
1192 1978 1419 2039 funere
1449 1977 1691 2051 matris,

255 2079 405 2138 ante
433 2078 648 2136 tamen
681 2076 759 2136 de
788 2078 851 2136 te
881 2074 1193 2155 Tanaquil
1226 2079 1358 2149 tua,
1396 2076 1651 2154 quando
1681 2094 1955 2137 sororem

257 2174 481 2236 efferat
510 2177 574 2235 et
601 2178 882 2253 patruOS,
916 2194 994 2235 an
1028 2174 1111 2234 sit
1140 2173 1428 2235 victurus
1456 2174 1531 2235 ad
1543 2174 1707 2235 ulter

256 2273 400 2351 post
428 2270 660 2350 ipsam3
706 2271 856 2350 quid
890 2271 1061 2332 enim
1090 2271 1294 2333 maius
1322 2271 1472 2332 dare
1505 2271 1768 2332 numina
1795 2274 2061 2351 possunt
2080 2272 2110 2330 ἲ

209 2369 214 2374 ’
256 2368 375 2430 hae
405 2371 620 2429 tamen
651 2367 952 2446 ignorant
982 2369 1138 2448 quid
1169 2368 1260 2429 sid
1273 2388 1344 2429 us
1373 2368 1556 2430 triste
1585 2368 1868 2429 minetur

258 2465 540 2539 Saturni,
578 2484 703 2544 quo
731 2465 897 2526 laeta
928 2466 1145 2526 Venus
1173 2486 1235 2527 se
1266 2466 1549 2546 proferat
1577 2469 1766 2538 astro,

259 2563 401 2644 quis
428 2563 661 2625 mensis
689 2563 958 2637 damnis,
996 2583 1155 2643 quae
1184 2564 1422 2625 dentur
1449 2567 1736 2645 tempora
1763 2564 1969 2625 lucro:

257 2661 431 2722 illius
458 2680 753 2723 occursus
780 2661 972 2722 etiam
1003 2661 1204 2722 vitare
1233 2665 1576 2731 memento,

258 2759 328 2819 in
356 2758 537 2821 cuius
564 2758 859 2819 manibus
886 2778 1002 2819 ceu
1035 2757 1300 2838 pinguia
1329 2758 1550 2820 sucina.
1577 2758 1760 2820 tritas

257 2856 461 2918 cernis
489 2854 944 2935 ephemeridas,
981 2874 1139 2934 quae
1169 2856 1425 2916 nullum
1454 2856 1728 2917 consulit
1756 2860 1820 2917 et
1847 2856 1973 2916 iam

257 2953 632 3027 consulitur,
669 2973 826 3033 quae
856 2958 1059 3014 castra
1088 2952 1222 3014 viro
1253 2953 1650 3033 patriamque
1678 2956 1932 3033 petente

259 3071 388 3113 non
417 3050 538 3113 ibit
567 3051 806 3132 pariter
835 3050 1117 3111 numeris
1147 3054 1435 3112 revocata
1465 3049 1805 3130 Thrasylli.

258 3150 335 3211 ad
366 3148 649 3229 primum
680 3148 954 3227 lapidem
986 3148 1221 3209 vectari
1252 3168 1400 3209 cum
1431 3149 1661 3227 placet,
1695 3147 1851 3209 hora

257 3247 534 3308 sumitur
562 3267 638 3307 ex
669 3246 858 3321 libr03
904 3245 954 3306 si
986 3245 1197 3326 prurit
1227 3245 1457 3306 frictus
1487 3245 1667 3307 ocelli

257 3345 551 3423 angulus,
587 3343 871 3424 inspecta
900 3342 1112 3423 genesi
1141 3343 1402 3422 collyria
1430 3344 1662 3423 poscit3

255 3462 442 3521 aegra
469 3441 619 3502 licet
649 3441 867 3513 iaceat,
902 3440 1206 3520 capiendo
1236 3440 1417 3501 nulla
1447 3442 1698 3503 videtur

255 3540 466 3619 aptior
492 3539 649 3600 hora
677 3538 816 3599 cibo
845 3538 969 3599 nisi
1002 3558 1191 3618 quam
1221 3538 1470 3599 dederit
1500 3538 1815 3600 PetosiriS.

257 3637 305 3698 si
339 3636 675 3698 mediocris
701 3636 842 3710 erit,
878 3635 1156 3717 spatium
1185 3636 1487 3697 lustrabit
1514 3636 1837 3716 utrimque

257 3738 573 3795 metarum
602 3736 669 3796 et
696 3737 892 3797 sortes
919 3733 1113 3794 ducet
1139 3733 1546 3814 frontemque
1573 3753 1959 3814 manumque

2367 263 2454 328 47

2338 514 2456 573 550

2337 1003 2454 1060 555

2337 1493 2456 1551 560

2339 1981 2455 2037 565

2338 2469 2456 2531 570

2338 2955 2454 3017 575

2338 3442 2456 3501 580
