2787 4328
1110 309 1379 358 SATVRA
1427 310 1502 358 VI

192 463 430 544 excipit
458 464 541 525 ad
570 467 809 543 portas,
840 464 1145 544 quosdam
1175 463 1359 539 facit3
1407 464 1525 525 isse
1556 463 1906 543 Niphatem

191 563 256 622 in
289 561 560 642 populos
590 581 943 641 magnoque
975 561 1106 621 illic
1136 565 1368 622 cuncta
1398 581 1547 622 arva
1575 561 1778 623 teneri

190 659 457 733 diluvio,
495 662 720 719 nutare
752 659 957 731 urbes,
994 659 1312 720 subsidere
1350 661 1544 720 terras

190 776 592 836 quocumque
623 756 689 815 in
719 755 909 816 trivio
938 755 1318 835 cuicumque
1348 760 1444 817 est
1471 757 1676 829 obvia,
1710 762 1945 819 narrat.

273 874 389 915 nec
422 860 634 915 tamen
665 853 731 913 id
768 852 995 915 vitium
1027 853 1227 931 magis
1259 854 1659 916 intolerabile
1689 875 1878 935 quam
1915 875 2073 935 quae

190 951 435 1014 vicinos
464 950 743 1011 humiles
777 970 993 1031 rapere
1026 955 1091 1012 et
1120 951 1450 1013 concidere
1478 952 1630 1013 loris

189 1052 449 1112 exorata
477 1049 655 1110 solet.
744 1045 893 1109 nam
926 1048 976 1109 si
1006 1049 1343 1110 latratibus
1371 1050 1486 1110 alti

190 1148 588 1226 rumpuntur
616 1146 842 1220 somni,
883 1147 899 1174 ⁴
921 1147 1124 1207 fustes
1153 1146 1281 1207 huc
1311 1147 1487 1208 ocius
1508 1148 1525 1176 ’
1559 1147 1773 1228 inquit

196 1246 212 1273 ‘
233 1245 483 1306 adferte
505 1244 523 1272 '
557 1248 747 1324 atque
779 1244 906 1305 illis
934 1244 1270 1306 dominum
1301 1244 1479 1305 iubet
1507 1250 1655 1306 ante
1687 1245 1887 1319 feriri,

190 1342 425 1404 deinde
455 1361 698 1403 canem.
786 1341 995 1421 gravis
1025 1361 1312 1413 occursu,
1348 1342 1710 1404 taeterrima
1741 1343 1925 1405 vultu

190 1439 418 1502 balnea
447 1442 632 1500 nocte
662 1439 854 1512 subit,
888 1439 1159 1501 conchas
1188 1443 1252 1501 et
1280 1443 1484 1501 castra
1513 1440 1750 1502 moveri

191 1542 380 1599 nocte
408 1536 606 1610 iubet,
641 1556 872 1616 magno
901 1537 1137 1616 gaudet
1167 1538 1391 1599 sudare
1419 1538 1735 1612 tumultu,

190 1657 342 1698 611111
370 1634 599 1697 lassata
626 1634 802 1714 gravi
834 1635 1204 1697 ceciderunt
1233 1635 1530 1697 bracchia
1557 1655 1780 1710 massa,

191 1731 464 1794 callidus
493 1736 559 1792 et
587 1731 811 1793 cristae
842 1731 1077 1812 digitos
1106 1731 1406 1812 inpressit
1435 1732 1662 1813 aliptes

191 1849 264 1892 66
296 1849 619 1891 summum
649 1829 943 1890 dominae
972 1830 1186 1891 femur
1213 1830 1567 1892 exclamare
1597 1829 1825 1909 coegit.

192 1926 494 1989 convivae
522 1925 735 1987 miseri
767 1926 1012 1988 interea
1041 1946 1387 2006 somnoque
1418 1927 1710 2007 fameque

195 2027 575 2104 urguentur.
668 2023 926 2085 tandem
956 2023 1067 2085 illa
1095 2023 1271 2085 venit
1300 2024 1750 2098 rubicundula‚
1787 2027 1999 2086 totum

193 2120 630 2202 oenophorum
660 2120 900 2195 sitienS,
934 2120 1124 2201 plena
1153 2121 1322 2202 quod
1352 2121 1644 2184 tenditur
1672 2141 1836 2183 urna

192 2220 526 2281 admotum
556 2219 843 2301 pedibus,
880 2220 957 2280 de
989 2239 1113 2299 quo
1144 2220 1453 2280 sextarius
1483 2221 1647 2281 alter

192 2317 458 2379 ducitur
485 2321 634 2378 ante
664 2317 879 2377 cibum
910 2316 1192 2377 rabidam
1226 2317 1518 2378 facturus
1548 2317 1810 2391 orexim,

194 2416 352 2476 dum
380 2414 549 2475 redit
576 2417 640 2475 et
668 2414 798 2476 loto
829 2417 1063 2475 terram
1093 2413 1245 2475 ferit
1275 2413 1600 2475 intestino,

194 2512 614 2573 marmoribus
644 2511 761 2572 rivi
794 2514 1160 2591 properant,
1194 2514 1416 2573 aurata
1445 2511 1789 2573 Falernum

195 2609 395 2690 pelvis
423 2609 579 2684 olet3
625 2629 773 2669 nam
805 2609 893 2670 sic
923 2612 1249 2688 tamquam
1280 2609 1410 2670 alta
1438 2608 1505 2669 in
1536 2609 1707 2672 dolia
1732 2609 1964 2688 longus

195 2706 502 2768 deciderit
531 2725 803 2787 serpente,
842 2706 1003 2767 bibit
1031 2709 1095 2767 et
1125 2706 1344 2768 vomit.
1436 2726 1584 2786 ergo
1614 2706 1881 2767 maritus

195 2806 457 2866 nauseat
484 2806 674 2883 atque
704 2803 905 2865 oculis
933 2803 1127 2864 bilem
1159 2801 1543 2883 substringit
1571 2803 1826 2883 opertis

277 2902 388 2963 illa
416 2905 629 2962 tamen
658 2900 931 2980 gravior,
968 2919 1129 2980 quae
1159 2920 1307 2961 cum
1337 2901 1731 2966 discumbere
1760 2900 1990 2981 coepit,

195 2998 415 3059 laudat
443 2997 824 3077 Vergilium,
860 2996 1179 3077 periturae
1209 2998 1483 3076 ignoscit
1513 2997 1772 3071 Elissae,

196 3094 546 3157 committit
575 3098 747 3156 vates
778 3097 842 3155 et
872 3097 1217 3175 comparat,
1254 3095 1404 3157 inde
1435 3095 1762 3157 Maronem

196 3196 386 3271 atque
415 3192 538 3254 alia
565 3195 745 3273 parte
774 3191 843 3251 in
874 3175 1122 3253 trutina
1152 3192 1484 3272 suspendit
1513 3191 1909 3253 Homerum0·

196 3290 433 3350 cedunt
462 3288 886 3369 grammatici,
921 3278 1272 3351 vincuntur
1302 3289 1606 3363 rhetores,
1641 3289 1848 3351 omnis

195 3387 384 3448 turba
412 3375 610 3461 tacet,
635 3407 751 3449 nec
780 3387 1133 3448 causidicus
1160 3406 1278 3448 nec
1305 3405 1532 3467 praeco
1559 3387 1877 3466 loquetur,

195 3485 392 3546 altera
421 3504 534 3545 nec
565 3484 817 3546 mulier.
909 3485 1245 3546 verborum
1275 3487 1458 3546 tanta
1486 3485 1657 3547 cadit
1689 3485 1800 3558 vis,

197 3585 295 3643 tot
321 3581 562 3662 pariter
591 3582 803 3663 pelves
831 3601 903 3643 ac
932 3582 1371 3643 tintinnabula
1400 3582 1572 3644 dicas

196 3679 454 3760 pulsari.
545 3679 672 3741 iam
703 3699 889 3740 nemo
921 3680 1125 3752 tubas,
1160 3699 1349 3741 nemo
1379 3699 1522 3741 aera
1551 3679 1809 3760 fatiget:

198 3796 327 3838 una
351 3776 665 3838 laboranti
697 3775 935 3854 poterit
963 3795 1324 3838 succurrere
1357 3776 1597 3839 Lunae.

2312 312 2394 377 43

2278 565 2396 624 410

2276 1054 2394 1113 415

2276 1541 2395 1599 420

2278 2027 2394 2085 425

2277 2514 2397 2572 430

2277 3000 2395 3057 435

2279 3486 2396 3545 440
