2787 4328
1019 305 1287 352 SATVRA
1332 305 1459 351 XIV
2224 303 2300 351 10
2310 304 2332 349 1

92 459 306 520 unde
334 457 456 545 tibi
485 459 769 520 frontem
795 457 1283 536 libertatemque
1302 456 1608 537 parentis,

94 575 281 617 cum
311 556 507 618 facias
535 555 751 637 peiora
778 575 968 618 senex
996 574 1415 634 vacuumque„
1427 554 1679 615 cerebro

93 653 256 715 iam
286 646 539 735 pridem
568 656 774 734 caput
790 653 911 715 11οο
943 652 1201 715 ventosa
1228 651 1563 713 cucurbita
1592 636 1901 731 quaerat?

202 751 463 832 hospite
492 755 772 815 venturo
791 751 1057 813 cessabit
1085 769 1272 812 nemo
1303 752 1586 810 tuorum.

101 849 354 912 ‘verre
381 849 843 930 pavimentum,
881 832 1118 910 nitidas
1147 848 1409 909 ostende
1438 848 1785 920 columnae,
2259 849 2337 907 60

96 944 308 1009 arida
336 967 486 1008 cum
517 950 651 1008 tota
678 947 1021 1013 descendat
1048 965 1275 1008 aranea
1304 946 1460 1021 tela3

94 1045 232 1106 hic
260 1045 400 1106 leve
430 1048 790 1124 argentum,
825 1040 971 1106 vasa
998 1063 1216 1152 aspera
1246 1046 1492 1137 tergeat
1520 1042 1719 1104 alter’

97 1148 249 1203 vox
279 1140 528 1202 domini
559 1140 724 1202 furit
752 1140 1053 1203 instantis
1082 1140 1456 1219 virgamque
1485 1140 1786 1202 tenentis.

98 1258 279 1316 ergo
308 1238 504 1299 miser
534 1238 834 1319 trepidae,
872 1259 949 1300 ne
977 1241 1251 1299 stercore
1279 1234 1468 1299 foeda
1495 1234 1723 1300 canino

101 1336 295 1398 atria
323 1317 704 1429 displiceant
731 1335 932 1398 oculis
961 1335 1275 1398 venientis
1302 1335 1512 1410 amici,
2258 1340 2334 1398 65

105 1454 208 1496 ne
238 1434 502 1514 perfusa
528 1421 669 1495 luto
698 1433 781 1495 sit
807 1433 1113 1514 porticUS,
1147 1437 1212 1495 et
1240 1432 1456 1495 tamen'
1486 1453 1617 1494 uno

108 1530 413 1593 semodio
442 1531 643 1593 scobis
671 1530 826 1593 haec
854 1514 1153 1593 emendat
1182 1531 1474 1593 servulus
1502 1551 1701 1593 unus:

109 1628 296 1691 illud
328 1647 459 1689 non
487 1628 710 1708 agitas,
740 1631 823 1689 ut
850 1632 1135 1711 sanctam
1165 1628 1337 1690 filiu‘s
1364 1620 1541 1690 omni

107 1725 397 1806 aspiciat
424 1724 560 1787 sine
585 1725 729 1787 labe
757 1699 1021 1788 domum
1051 1725 1335 1806 vitioque
1367 1728 1688 1789 carentem
1709 1728 1738 1786 ?

111 1826 391 1908 gratum
419 1826 516 1885 est
544 1823 710 1903 quod
742 1823 985 1904 patriae
1013 1823 1217 1886 civem
1245 1824 1612 1904 populoque
1640 1823 1894 1898 dedisti,
2258 1828 2333 1890 '70

115 1920 177 1983 si
210 1920 375 1983 fa‘cis
403 1912 479 1981 ut
506 1909 715 2001 patria
742 1920 826 1982 sit
855 1914 1143 1996 idoneus,
1178 1916 1360 1982 utilis
1387 1921 1577 2000 agris',

115 2017 313 2080 utilis
341 2021 407 2080 et
433 2018 746 2080 bellorum
774 2021 839 2081 et
865 2019 1038 2109 pacis
1066 2019 1254 2081 rebus
1281 2019 1564 2100 agendis.

111 2115 487 2199 plurimum
515 2115 688 2178 enini
716 2116 1008 2180 intererit
1037 2116 1269 2198 quibus
1297 2117 1543 2180 artibus
1570 2121 1635 2181 et
1665 2117 1895 2199 quibus
1921 2118 2096 2180 hunc
2124 2121 2197 2180 tu

115 2213 416 2277 moribus
444 2213 763 2276 instituas.
851 2219 1140 2296 serpente
1169 2215 1412 2278 ciconia
1440 2217 1650 2297 pullos

113 2312 344 2375 nutrit
371 2314 437 2374 et
464 2312 725 2374 inventa
751 2332 865 2393 per
893 2313 1076 2375 devia
1104 2333 1252 2375 rura
1269 2311 1544 2375 lacerta:
2257 2318 2331 2380 75

113 2410 224 2472 illi
254 2411 486 2473 eadem*
505 2410 778 2491 sumptis
807 2415 1123 2491 quaerunt
1150 2411 1453 2473 animalia
1481 2412 1716 2493 pinnis.

122 2507 353 2570 vultur
381 2506 670 2570 iumento
699 2512 764 2570 et
792 2501 1054 2571 canibus
1082 2509 1503 2589 crucibusque
1532 2509 1770 2571 relictis

120 2606 210 2668 ad
238 2606 413 2667 fetus
439 2609 737 2687 properat
764 2611 1140 2688 partemque
1169 2607 1489 2669 cadaveris
1517 2608 1756 2669 adfert:

118 2700 236 2765 hic
263 2698 361 2765 est
386 2723 535 2792 ergo
563 2703 742 2765 cibus
770 2703 986 2783 magni
1018 2723 1269 2784 quoque
1296 2705 1574 2766 vulturis
1603 2709 1666 2767 et
1695 2724 1759 2767 se

118 2799 466 2883 pascentis,
500 2801 757 2882 propria
785 2821 933 2862 cum
963 2801 1090 2863 iam
1119 2801 1282 2863 facit‘
1306 2803 1527 2863 arbore
1555 2795 1757 2864 nido's.
2252 2807 2331 2867 80

19 2971 24 2975 ,
122 2898 239 2960 sed
267 2898 546 2979 leporem
574 2902 689 2960 aut
717 2919 1006 2980 capream
1035 2899 1314 2961 famulae
1344 2899 1514 2961 Iovis
1541 2903 1607 2961 et
1634 2916 1966 2980 generosae

121 2995 198 3057 in
227 2995 396 3057 saltu
424 2998 742 3080 venantur
770 3016 933 3071 aves,
969 2996 1119 3062 hinc
1147 2989 1381 3078 praeda
1409 2997 1617 3059 cubili
1716 3031 1722 3037 ·

120 3093 425 3175 ponitur:
468 3089 619 3156 inde
646 3098 861 3155 autem
891 3107 1039 3156 cum
1070 3114 1134 3156 se
1165 3099 1419 3157 matura
1447 3095 1674 3157 levarit

122 3190 482 3273 progenies,
516 3190 892 3253 stimulante
921 3192 1090 3254 fame
1118 3192 1385 3253 festinat
1412 3194 1487 3255 ad
1524 3193 1699 3255 illam

125 3309 322 3370 quam
350 3288 634 3382 primum
662 3290 962 3370 praedam
992 3294 1184 3371 rupto
1211 3294 1581 3393 gustaverat
1608 3312 1748 3354 ovo.
2252 3298 2329 3358 85

112 3387 120 3394 ’
205 3375 573 3449 aedificator
600 3389 736 3450 erat
767 3387 1108 3450 Cretonius
1135 3392 1200 3450 et
1228 3370 1445 3450 1110ᾶο
1447 3409 1642 3452 curvo

123 3486 313 3547 litore
344 3484 617 3559 Caietae,
652 3506 902 3547 summa
930 3506 1105 3547 nunc
1135 3487 1393 3548 Tiburis
1423 3507 1586 3562 arce,

124 3605 215 3645 nu
226 3601 302 3645 110
333 3583 760 3646 Praenestinis
787 3584 857 3644 in
885 3584 1214 3647 montibus
1242 3585 1371 3646 alta
1399 3586 1662 3666 parabat

123 3680 413 3745 culmina
441 3680 737 3743 villarum
768 3681 1024 3743 Graecis
1052 3683 1364 3763 longeque
1392 3682 1613 3764 petitis

125 3776 551 3842 marmoribus
580 3778 842 3840 vincens
870 3779 1191 3842 Fortunae
1219 3784 1413 3860 atque
1444 3780 1742 3842 Herculis
1769 3784 2009 3856 aedem,
2254 3787 2330 3844 90
