2787 4328
1145 251 1417 297 SATVRA
1459 252 1504 297 V

226 401 391 481 qu'ae
411 398 786 480 ‘genuinum
813 399 1090 480 agitent,
1124 419 1258 462 11011
1286 400 1708 463 admittentia
1736 420 2041 463 morsum.

227 497 339 558 sed
367 504 554 558 tener
583 501 650 557 et
679 497 907 558 niveus
936 497 1245 579 mollique
1275 498 1532 578 siligine
1562 499 1755 560 fictus

226 599 521 656 servatur
552 594 836 655 domino.
928 594 1222 656 dextram
1255 596 1557 657 cohibere
1589 600 1937 671 memento,

228 693 401 753 salva
432 692 518 753 sit
547 696 843 771 artoptae
875 693 1252 755 reverentia.
1341 694 1513 777 finge
1544 697 1764 754 tamen
1795 698 1862 755 te

227 788 671 870 inprobulum,
707 794 1000 870 superest
1029 790 1162 851 illic
1194 791 1305 870 qui
1339 811 1579 871 ponere
1610 795 1800 872 cogat
1827 811 1842 853 2

234 893 253 919 ‘
275 887 370 949 vis
400 890 475 948 tu
507 884 855 960 consuetis,
890 887 1102 948 audax
1132 888 1425 962 conviva,
1465 888 1763 950 canistris

228 983 485 1064 impleri
516 970 829 1064 panisque
860 985 960 1044 tui
989 985 1241 1046 novisse
1273 987 1553 1048 colorem
1581 986 1645 1048 ?'

235 1088 254 1115 ‘
272 1082 518 1143 scilicet
548 1082 671 1142 hoc
701 1082 940 1155 fuerat,
968 1076 1234 1163 propter
1266 1085 1440 1164 quod
1471 1104 1657 1165 saepo
1686 1084 1917 1147 relicta
1997 1089 2014 1097 '

229 1179 506 1259 coniuge
535 1198 650 1259 per
680 1182 970 1240 montem
998 1180 1339 1242 adversum
1383 1182 1757 1263 gelidasque
1787 1180 2046 1263 cucurri

173 1309 181 1316 ·
230 1276 576 1358 Esquilias,
611 1277 919 1337 fremeret
950 1297 1135 1340 saeva
1165 1297 1316 1354 cum
1348 1280 1665 1359 grandine
1694 1299 1932 1342 vernus

231 1374 529 1456 Iuppiter
559 1377 625 1435 et
656 1374 864 1435 multo
896 1374 1172 1437 stillaret
1195 1377 1511 1473 paenula
1504 1377 1772 1439 nimbo’

227 1493 244 1511 ¹
310 1471 523 1553 aspice
554 1491 749 1552 quam
777 1472 974 1552 longo
1008 1472 1372 1554 distinguat
1402 1479 1661 1555 pectore
1679 1458 1944 1536 Klancem

231 1589 394 1653 quae
424 1570 638 1631 fertur
668 1568 931 1630 domino
957 1570 1211 1651 squilla,
1247 1575 1312 1632 et
1343 1572 1578 1652 quibus
1610 1572 1895 1652 undique
1925 1574 2148 1655 saepta

230 1666 555 1749 asparagis
585 1685 713 1747 qua
744 1665 1058 1747 despiciat
1092 1668 1386 1729 convivia
1417 1670 1642 1742 cauda,

232 1767 389 1827 dum
418 1765 599 1827 venit
630 1766 862 1826 excelsi
894 1766 1191 1829 manibus
1233 1768 1488 1828 sublata
1517 1766 1818 1828 ministri.

230 1865 343 1927 sed
370 1864 493 1925 tibi
525 1863 795 1924 dimidio
826 1864 1216 1926 constrictus
1248 1884 1607 1926 cammarus
1637 1884 1756 1927 ovo
1826 1878 1839 1889 ·

231 1962 501 2043 ponitur
529 1960 763 2041 exigua
792 1930 1012 2023 feralis
1049 1982 1206 2024 cena
1217 1962 1493 2042 patella.

231 2062 367 2143 ipse
389 2061 763 2124 Venafrano
794 2059 1034 2140 piscem
1072 2043 1459 2140 perfundit:
1505 2063 1572 2121 at
1602 2060 1706 2121 hic
1739 2059 1851 2140 qui

231 2159 511 2241 pallidus
540 2157 837 2224 adfertur
870 2157 1100 2219 misero
1129 2156 1272 2232 tibi,
1309 2158 1510 2219 caulis
1540 2158 1740 2219 olebit

229 2258 597 2320 lanternam
624 2276 643 2333 3
685 2255 852 2315 illud
880 2243 1051 2317 enim
1082 2256 1314 2325 vestris
1342 2255 1536 2342 datur
1564 2255 1827 2352 avlyeplis
1857 2255 2033 2337 quod

232 2376 440 2419 canna
470 2354 889 2435 Micipsarum
926 2372 1116 2435 prora
1149 2353 1448 2441 subvexit
1476 2359 1688 2427 acuta,

230 2458 496 2535 propter
526 2453 700 2534 quod
730 2453 969 2534 Romae
1004 2470 1152 2512 cum
1185 2451 1465 2512 Boccare
1494 2470 1683 2512 nemo
1706 2452 1982 2526 lavatur,

231 2552 404 2634 quod
436 2554 616 2612 tutos
647 2550 842 2611 etiam
875 2549 1039 2610 facit
1063 2568 1101 2610 a
1135 2548 1543 2629 serpentibus
1573 2549 1751 2611 atris.

229 2655 473 2728 mullus
503 2654 627 2716 erit
657 2652 924 2727 domini,
965 2671 1157 2733 quem
1187 2649 1365 2710 misit
1399 2648 1655 2710 Corsica
1683 2648 1782 2709 vel
1814 2667 2007 2728 quem

233 2749 817 2813 Tauromenitanae
848 2769 1060 2830 rupes,
1103 2748 1362 2828 quando
1399 2765 1587 2807 omne
1619 2749 1953 2825 peractum
1983 2748 2084 2809 est

233 2854 298 2910 et
326 2849 453 2911 iam
478 2846 714 2909 defecit
736 2852 1030 2910 nostrum
1066 2866 1260 2920 mare,
1301 2845 1458 2906 dum
1490 2844 1644 2923 gula
1674 2842 1896 2916 saevit,

231 2946 478 3008 retibus
505 2944 793 3007 adsiduis
820 2945 1081 3026 penitus
1113 2945 1445 3006 scrutante
1478 2940 1745 3001 macello

231 3043 545 3125 proxima,
579 3063 698 3104 nec
729 3042 1015 3124 patimur
1048 3041 1461 3122 Tyrrhenum
1496 3057 1776 3099 crescere
1806 3036 2067 3118 piscem.

231 3141 503 3203 instruit
532 3159 683 3221 ergo
712 3141 934 3202 focum
979 3139 1333 3220 provincia,
1371 3137 1656 3199 sumitur
1686 3135 1865 3198 illinc

233 3240 408 3320 quod
438 3242 733 3318 captator
763 3241 934 3298 emat
965 3236 1233 3309 Laenas,
1271 3235 1539 3297 Aurelia
1571 3233 1830 3296 vendat.

232 3335 497 3399 Virroni
528 3355 835 3396 muraena
866 3334 1081 3408 datur,
1124 3353 1286 3414 quae
1318 3332 1599 3394 maxima
1630 3331 1810 3394 venit

233 3433 492 3515 gurgite
523 3434 602 3494 de
634 3431 890 3507 Sicu103
932 3451 1084 3493 nam
1114 3432 1270 3492 dum
1301 3451 1367 3492 se
1399 3430 1694 3492 continet
1725 3432 1964 3504 auster,

235 3531 390 3592 dum
422 3531 603 3593 sedet
633 3529 930 3592 ensiccat
962 3529 1254 3590 madidas
1285 3527 1354 3588 in
1386 3547 1639 3589 carcere
1671 3526 1926 3608 pinnas,

236 3631 666 3690 contemnunt
696 3625 975 3686 mediam
1003 3624 1346 3686 temeraria
1373 3624 1509 3712 lina
1541 3623 1930 3704 Charybdim
1963 3643 1981 3687 ε

237 3743 346 3787 vos
375 3723 664 3807 anguilla
692 3724 913 3784 manet
941 3722 1170 3803 longae
1202 3726 1478 3801 cognata
1507 3721 1833 3795 colubrae,

2345 252 2425 317 27

2352 500 2430 562 70

2301 987 2431 1051 ··75

2351 1477 2430 1537 80

2352 1963 2432 2024 85

2352 2458 2433 2518 90

2352 2873 2462 3071 91

2310 3429 2431 3493 100
