2787 4328
0 2747 38 2796 f.

193 694 275 751 15

189 1181 275 1239 20

188 1669 271 1728 25

191 2158 273 2218 30

1119 244 1388 290 SATVRA
1433 244 1509 291 VI

362 395 472 477 qui
502 395 717 458 nudus
745 415 1030 477 pugnare
1059 396 1265 467 solet?
1348 415 1494 476 pars
1522 395 1752 458 ultima
1778 394 1918 458 ludi

361 494 597 574 accipit
625 494 737 554 has
767 494 1007 555 animas
1035 493 1322 572 aliusque
1351 492 1420 553 in
1451 513 1694 555 carcere
1725 513 1966 555 nervos.

362 593 467 653 sed
499 591 618 652 tibi
648 611 1050 653 communem
1081 591 1344 653 calicem
1374 592 1533 653 facit
1564 611 1722 652 uxor
1750 596 1815 654 et
1845 592 1992 666 illis,

361 709 509 751 cum
540 688 770 768 quibus
799 688 1123 749 Albanum
1155 688 1735 768 Surrentinumque
1766 693 2012 751 recusat

361 787 523 849 flava
550 785 794 848 ruinosi
822 786 975 867 lupa
1003 787 1337 865 degustare
1368 786 1707 866 sepulchri.

362 885 591 946 horum
619 883 899 946 consiliis
927 884 1185 944 nubunt
1213 885 1582 964 subitaeque
1612 886 1940 960 recedunt,

360 983 461 1044 his
488 982 900 1062 languentem
930 981 1218 1043 animum
1248 986 1502 1043 servant
1530 987 1596 1043 et
1624 982 1784 1044 seria
1811 982 2000 1056 vitae,
2078 984 2081 988 ’

363 1080 462 1141 his
489 1080 745 1141 clunem
774 1083 966 1158 atque
995 1079 1163 1141 latus
1191 1079 1451 1141 discunt
1480 1080 1724 1142 vibrare
1755 1081 2093 1160 magistris,

362 1177 668 1258 quicquid
695 1180 1021 1258 praeterea
1048 1177 1167 1238 scit
1198 1177 1308 1257 qui
1338 1178 1543 1239 docet.
1631 1177 1801 1239 haud
1836 1181 2051 1239 tamen
2081 1176 2177 1238 illi

360 1294 605 1355 semper
632 1274 923 1336 habenda
951 1275 1127 1336 fides.
1216 1275 1429 1336 oculos
1457 1274 1729 1355 fuligine
1760 1275 1980 1354 pascit,

360 1372 703 1434 distinctus
731 1371 965 1434 croceis
992 1376 1058 1434 et
1086 1372 1461 1434 reticulatus
1488 1372 1760 1447 adulter.

359 1473 687 1550 suspectus
714 1469 834 1531 tibi
863 1469 970 1544 sit,
1006 1474 1247 1549 quanto
1275 1490 1398 1532 vox
1426 1469 1680 1531 mollior
1707 1472 1772 1530 et
1801 1489 1927 1550 quo

358 1568 604 1649 saepius
633 1567 703 1629 in
731 1568 968 1631 teneris
996 1567 1281 1630 haerebit
1309 1568 1569 1630 dextera
1594 1566 1850 1628 lumbis.

358 1665 463 1727 hic
491 1665 614 1728 erit
641 1666 711 1727 in
740 1666 905 1728 lecto
933 1665 1348 1741 fortissimus3
1392 1665 1572 1727 exuit
1602 1664 1736 1726 illic

357 1782 692 1843 personam
723 1762 913 1824 docili
945 1763 1140 1823 Thais
1168 1762 1398 1823 saltata
1426 1760 1780 1842 Triphallo.

359 1880 547 1941 quem
577 1860 744 1922 rides
762 1862 791 1921 *Ρ
873 1860 1013 1921 aliis
1039 1860 1215 1921 hunc
1245 1859 1546 1920 mimum!
1633 1858 1884 1939 sponsio
1913 1858 2073 1921 fiat:¹¹

355 1977 593 2038 purum
623 1961 687 2019 te
715 1958 1031 2019 contendo
1059 1956 1291 2030 virum,
1325 1945 1664 2018 contendo.
1752 1956 1972 2018 fateris
1992 1958 2022 2017 Ρ

357 2076 441 2118 an
468 2059 651 2117 vocat
679 2056 940 2117 ancillas
967 2055 1224 2116 tortoris
1252 2055 1516 2134 pergula
1535 2056 1564 2114 Ῥ
1648 2053 1796 2116 novi

358 2153 621 2217 consilia
648 2157 713 2216 et
741 2157 978 2216 veteres
1008 2173 1444 2234 quaecumque
1473 2152 1747 2214 monetis
1774 2152 1991 2214 amici:

361 2252 379 2281 ‘
399 2272 563 2333 pone
592 2271 814 2325 seram,
848 2252 1149 2314 cohibes.'
1236 2251 1343 2312 sed
1375 2251 1518 2331 quis
1546 2251 1864 2313 custodiat
1892 2250 2059 2331 ipsos

357 2351 667 2424 custodeS,
703 2349 812 2429 qui
841 2369 1014 2410 nunc
1042 2348 1306 2410 lascivae
1334 2349 1511 2409 furta
1539 2349 1787 2429 puellae

355 2448 477 2509 hac
505 2448 790 2509 mercede
821 2447 1012 2507 silent
1032 2449 1061 2507 Ῥ
1144 2445 1384 2507 crimen
1415 2465 1752 2516 commune
1782 2450 2050 2508 tacetur.

356 2544 662 2626 prospicit
688 2545 809 2605 hoc
836 2546 1118 2624 prudens
1146 2548 1211 2606 et
1238 2544 1317 2605 ab
1347 2543 1477 2605 illis
1505 2543 1736 2623 incipit
1763 2562 1946 2604 uxor.

277 2745 431 2802 sunt
458 2760 612 2820 quas
640 2740 917 2803 eunuchi
947 2740 1211 2801 inbelles
1238 2760 1310 2800 ac
1339 2739 1558 2801 mollia
1586 2758 1832 2819 semper

195 2837 410 2901 oscula
436 2838 752 2899 delectent
780 2839 845 2898 et
872 2837 1224 2917 desperatio
1254 2837 1481 2898 barbae

196 2940 262 2997 et
290 2936 456 3016 quod
486 2935 771 2999 abortivo
798 2955 929 2996 non
957 2938 1052 2996 est
1080 2953 1256 3014 opus.
1346 2934 1459 2996 illa
1487 2935 1778 3014 voluptas

196 3053 443 3095 summa
470 3036 706 3106 tamen,
744 3033 913 3113 quod
943 3032 1069 3093 iam
1099 3032 1304 3093 calida
1331 3036 1584 3093 matura
1611 3032 1672 3092 iu
1683 3036 1871 3095 venta

195 3130 463 3211 inguina
489 3132 837 3193 traduntur
864 3129 1148 3203 medicis,
1182 3129 1309 3191 iam
1338 3129 1591 3210 pectine
1621 3129 1832 3210 nigr03

195 3249 344 3309 ergo
372 3232 685 3310 spectatos
712 3247 785 3291 ac
812 3227 1014 3288 iussos
1042 3245 1317 3290 crescere
1347 3226 1630 3307 primum

195 3327 539 3400 testiculos,
572 3329 911 3406 postquam
941 3327 1289 3404 coeperunt
1318 3344 1449 3385 esse
1478 3324 1754 3399 bilibres,

195 3423 464 3486 tonsoris
491 3424 724 3485 damno
756 3425 1013 3504 tantum
1043 3421 1213 3501 rapit
1242 3420 1646 3483 Heliodorus.

193 3635 272 3681 VI
295 3619 372 3680 B.
457 3638 852 3700 mangonum
881 3636 1110 3697 pueros
1139 3636 1284 3679 vera
1312 3637 1384 3679 ac
1414 3616 1790 3679 miserabilis
1818 3617 1950 3678 urit

456 3717 748 3779 debilitas
775 3714 1077 3793 follisque
1105 3714 1307 3793 pudet
1335 3713 1678 3793 cicerisque
1706 3715 1930 3775 relicti.

2317 248 2395 310 41

2277 2742 2394 2800 366

2275 3133 2394 3195 370

2275 3425 2392 3485 373
