2787 4328
1094 232 1366 298 sATVRA
1411 235 1455 278 x
2289 234 2370 301 73

141 376 460 452 Seianae,
496 377 726 442 deinde
754 400 831 442 ex
858 381 1021 443 facie
1049 385 1186 445 toto
1214 384 1361 446 orbe
1390 385 1667 450 secunda

139 479 338 538 fiunt
366 477 604 559 urceoli
633 479 843 579 pedves
871 484 1119 563 sartago
1147 483 1457 543 matellae.
2325 528 2328 531 ,

138 599 332 659 pone
364 539 536 640 dormi
566 578 803 652 lautuS,
839 579 963 640 duc
993 579 1061 640 in
1093 580 1406 660 Capitolia
1434 602 1767 661 magnum‘
2295 588 2371 646 65
2488 599 2497 606 ’

141 680 608 756 cretatumque
638 675 889 736 bovem:
939 676 1201 738 Seianus
1232 679 1493 739 ducitur
1522 700 1688 741 unco

141 778 569 857 spectandus,
604 777 889 856 gaudent
918 796 1152 838 omnes.
1250 777 1265 805 ‘
1290 797 1449 857 quae
1477 778 1672 851 labra,
1709 779 1852 859 quis
1879 780 1975 841 illi

140 874 385 937 vultus
413 879 567 936 erat.
658 893 1034 953 numquam,
1070 875 1120 935 si
1153 876 1304 954 quid
1339 876 1497 936 mihi
1530 877 1752 950 credis,
1788 878 1992 939 amavi

139 974 341 1034 hunc
370 972 714 1034 hominem.
806 973 912 1033 sed
945 991 1070 1052 quo
1099 973 1329 1035 cecidit
1357 976 1474 1035 sub
1504 975 1769 1037 crimine
1790 978 1819 1036 Ῥ
1903 975 2195 1056 quisnam

142 1070 411 1132 delator
440 1070 672 1161 quibus
700 1069 1039 1144 indicibuS,
1077 1090 1202 1150 quo
1240 1076 1397 1133 teste
1428 1072 1715 1152 probavit
1735 1075 1763 1133 ’.Ρ
1785 1074 1802 1100 ’
2294 1078 2370 1138 ’70

143 1167 253 1231 nil
286 1168 550 1243 horum3
601 1168 853 1229 verbosa
882 1171 947 1229 et
976 1170 1236 1246 grandis
1266 1169 1540 1250 epistula
1571 1170 1746 1232 venit

143 1286 188 1328 a
224 1265 508 1345 Capreis.
606 1265 622 1293 ‘
644 1266 802 1326 bene
831 1266 1045 1339 habet,
1083 1266 1172 1327 nil
1204 1268 1350 1348 plus
1379 1268 1723 1348 interrogo.
1811 1270 1919 1331 sed
1952 1269 2105 1349 quid

145 1364 356 1425 turba
385 1363 616 1425 Remi?
639 1363 655 1392 ’
743 1364 1031 1442 sequitur
1059 1365 1388 1440 gortunam
1420 1369 1495 1426 ut
1524 1384 1770 1446 semper
1798 1370 1863 1427 et
1892 1366 2028 1428 odit

144 1461 530 1545 §.amnatoffi
608 1460 778 1522 idem
809 1460 1104 1540 populus,
1141 1461 1193 1522 si
1223 1463 1453 1549 Nortia
1484 1463 1692 1525 Tusco

66 1586 69 1588 ’
145 1557 443 1632 favisset,
478 1557 529 1619 si
560 1577 854 1638 oppressa
880 1558 1049 1620 foret
1078 1579 1295 1621 secura
1322 1563 1612 1621 senectus
2292 1566 2366 1626 ‘75

0 1694 24 1712 ..
117 1665 122 1671 ·
147 1656 492 1737 principis,
525 1656 645 1716 hac
675 1654 810 1735 ipsa
842 1655 1143 1718 Seianum
1173 1657 1412 1719 diceret
1439 1658 1594 1719 hora

33 1830 38 1834 ᾗ
151 1757 556 1834 Augustum.
645 1753 773 1815 iam
805 1754 1074 1833 pridem,
1108 1775 1183 1816 ex
1216 1775 1341 1835 quo
1370 1756 1675 1835 suffragia
1707 1755 1870 1818 nulli
1914 1760 1953 1825 ἴ,

70 1884 74 1887 ·
151 1853 517 1926 vendimUS,
554 1852 786 1913 effudit
814 1872 1024 1928 curas;
1071 1873 1219 1914 nam
1251 1853 1359 1934 qui
1393 1854 1585 1916 dabat
1614 1854 1766 1915 olim

151 1949 503 2030 imperium
532 1950 732 2010 fasces
760 1948 1041 2028 legiones
1069 1948 1315 2024 omnia,
1339 1970 1515 2012 nunc
1544 1971 1606 2012 se

23 2110 34 2117 ,
79 2121 84 2125 ,
152 2048 447 2116 continet
475 2050 667 2127 atque
698 2047 856 2108 duas
883 2050 1141 2108 tautum
1173 2068 1268 2109 res
1294 2048 1524 2109 anxius
1552 2052 1753 2128 optat,
2285 2054 2364 2112 80

152 2166 389 2226 panem
417 2148 482 2208 et
511 2145 840 2208 circenses.
933 2144 950 2174 ‘
969 2145 1285 2226 perituros
1314 2147 1504 2209 audio
1533 2146 1821 2208 multos.’

156 2244 261 2305 nil·
282 2239 574 2318 dubium,
609 2262 842 2323 magna
870 2246 964 2305 est
991 2244 1341 2306 fornacula.
1439 2244 1456 2273 ‘
1477 2244 1826 2328 pallidulus
1853 2245 1943 2307 mi

157 2342 527 2403 Bruttidius
556 2361 733 2403 meus
761 2341 841 2402 ad
872 2340 1099 2404 Martis
1125 2342 1257 2403 fuit
1286 2342 1508 2404 obvius
1536 2362 1740 2419 aram3

0 2459 28 2486 r
56 2493 64 2499 .
159 2437 350 2519 quam'
379 2440 603 2513 time0„
631 2439 837 2500 victus
865 2459 946 2501 ne
976 2459 1205 2519 poenas
1233 2440 1447 2520 exigat
1478 2440 1641 2502 Aiax

117 2560 122 2564 ·
158 2541 234 2598 ut
261 2538 421 2599 male
451 2537 768 2598 defensus.
858 2556 1186 2598 curramus
1215 2531 1591 2617 praecipites
1619 2541 1684 2599 et
2282 2544 2359 2602 85

159 2635 314 2696 dum
342 2634 506 2696 iacet
535 2634 603 2696 in
633 2633 794 2715 ripa,
827 2634 1134 2696 calcemus
1166 2635 1448 2696 Caesaris
1476 2635 1744 2696 hostem.

160 2734 264 2795 sed
294 2733 552 2795 videant
580 2731 764 2805 servi,
798 2751 879 2794 ne
909 2732 1051 2812 quis
1080 2735 1270 2812 neget
1298 2736 1363 2794 et
1395 2727 1698 2813 pavi'dum
1727 2732 1795 2793 in
1828 2732 1929 2795 ius

161 2830 393 2893 cervice
421 2830 724 2893 obstricta
752 2830 1085 2892 dominum
1119 2830 1381 2891 trahat?
1469 2829 1539 2890 hi
1562 2836 1882 2892 'sermones

162 2932 313 2992 tuno
341 2930 419 2991 de
450 2928 697 3003 Seian0,
731 2931 966 2990 secreta
993 2928 1148 2990 haec
1177 2948 1509 2990 murmura
1536 2928 1708 3008 vulgi
1718 2975 1732 2990 .

163 3027 328 3089 visne
357 3027 618 3089 salutari
648 3026 814 3088 sicut
844 3026 1129 3100 SeianUS,
1163 3026 1395 3090 habere
2281 3033 2356 3090 90

150 3125 535 3186 tantundem
566 3128 757 3204 atque
785 3124 882 3184 illi
911 3143 1188 3186 summas
1217 3105 1452 3185 donare
1480 3124 1753 3199 curules,

0 3227 8 3236 ”
50 3260 54 3264 -
163 3204 337 3284 illum
366 3222 748 3286 exercitibus
776 3241 1181 3303 praeponere,
1219 3225 1396 3283 tutor
1424 3222 1641 3284 haberi

165 3321 458 3403 principis
486 3324 759 3402 augusta
789 3320 1173 3400 Caprearum
1201 3319 1270 3380 in
1301 3340 1459 3400 rupe
1489 3321 1765 3383 sedentis

167 3438 301 3480 cum
326 3439 515 3500 grege
547 3418 864 3481 Chaldaeo
883 3420 913 3478 Ῥ
996 3416 1091 3479 vis
1119 3421 1287 3479 certe
1317 3418 1448 3498 pila
1476 3418 1765 3480 cohortes
1836 3406 1840 3410 ⁴

167 3517 431 3598 egregios
460 3516 704 3597 equites
732 3519 796 3578 et
825 3519 1027 3577 castra
1056 3515 1428 3577 domestica:
1475 3515 1733 3623 Qujdssi:
2276 3520 2352 3578 95

166 3614 306 3677 haec
332 3614 551 3696 cupias
571 3617 601 3675 Ῥ
682 3617 747 3675 et
777 3613 888 3694 qui
918 3614 1150 3674 nolunt
1180 3614 1460 3675 occidere
1491 3633 1896 3693 quemquam,

168 3732 327 3793 posse
356 3714 607 3775 volunt.
695 3712 805 3773 sed
836 3730 995 3791 quae
1021 3711 1343 3792 praeclara
1370 3714 1436 3773 et
1464 3730 1760 3791 prospera
1790 3712 1976 3786 tanti,
