2787 4328
1036 284 1305 332 SATVRA
1349 287 1490 331 XIII

143 438 515 519 Pygmaeus
544 436 755 518 parvis
782 436 985 499 currit
1014 437 1281 499 bellator
1308 436 1378 498 in
1407 438 1619 512 armis,

142 556 306 598 mox
336 536 525 616 inpar
553 534 721 596 hosti
751 538 1097 615 raptusque
1125 554 1240 615 per
1267 554 1414 596 aera
1441 536 1653 597 curvis

140 635 483 714 unguibus
512 654 550 695 a
579 653 758 695 saeva
785 633 994 694 fertur
1021 652 1198 713 grue.
1291 632 1341 693 si
1372 633 1584 695 videas
1611 634 1732 695 hoc

139 733 457 812 gentibus
485 730 555 791 in
586 730 837 804 nostris,
872 730 1003 792 risu
1035 731 1348 811 quatiare;
1395 732 1497 792 sed
1532 731 1687 805 illic,

141 848 548 910 quamquam
580 829 797 891 eadem
827 828 1090 890 adsidue
1116 831 1488 908 spectentur
1516 829 1775 909 proelia,
1811 830 1977 891 ridet

99 942 108 949 ·
140 947 367 1001 nemo,
405 926 514 1008 ubi
542 929 679 988 tota
706 926 929 987 cohors
960 926 1117 1004 pede
1146 946 1276 987 non
1305 929 1400 987 est
1427 925 1615 988 altior
1644 947 1791 989 unc.

241 1026 259 1054 ‘
283 1025 545 1115 nullane
572 1024 782 1105 peiuri
812 1024 1038 1105 capitis
1066 1024 1440 1104 fraudisque
1469 1025 1780 1086 nefandae

25 1189 38 1195 „
138 1142 360 1204 poena
388 1121 512 1184 erit
529 1123 560 1183 ’ἓ
579 1122 598 1151 ’
684 1122 1019 1202 abreptum
1049 1123 1232 1184 crede
1260 1123 1437 1184 hunc
1465 1123 1750 1204 graviore
1778 1127 1999 1185 catena

140 1221 454 1301 protinus
482 1223 546 1281 et
577 1220 1034 1302 nostro—quid
1062 1220 1209 1300 plus
1237 1221 1391 1283 velit
1421 1221 1516 1282 ira
1535 1221 1856 1283 ⁴?—necari

101 1391 105 1395 .
140 1317 448 1380 arbitrio:
494 1320 714 1379 manet
741 1317 853 1378 illa
880 1321 1098 1379 tamen
1127 1317 1369 1380 iactura
1399 1311 1515 1380 nec
1543 1338 1850 1399 umquam

140 1415 519 1497 depositum
550 1415 668 1476 tibi
698 1425 905 1496 sospes
934 1415 1076 1489 erit,
1112 1417 1221 1477 sed
1252 1436 1510 1496 corpore
1539 1420 1769 1479 trunco

139 1514 469 1577 invidiosa
498 1513 676 1576 dabit
706 1513 1011 1575 minimus
1041 1514 1269 1575 solacia
1297 1514 1576 1593 sanguis.

146 1612 167 1640 ‘
190 1614 265 1674 at
297 1610 581 1674 vindicta
609 1611 850 1672 bonum
879 1610 1013 1672 vita
1041 1609 1386 1673 iucundius
1416 1611 1603 1690 ipsa.’

141 1728 388 1790 nempe
416 1708 538 1770 hoc
564 1708 831 1782 indocti,
867 1728 1139 1788 quorum
1167 1708 1534 1789 praecordia
1561 1708 1757 1771 nullis

141 1807 487 1869 interdum
516 1810 630 1868 aut
656 1806 902 1869 levibus
929 1806 1140 1868 videas
1169 1806 1507 1916 flagrantia
1534 1807 1766 1868 causis:

143 1904 782 1985 quantulacumque
773 1904 928 1996 adeo
958 1907 1053 1965 est
1082 1903 1321 1966 occasio
1351 1905 1630 1966 sufficit
1613 1925 1759 1967 1rae.

146 2002 555 2083 Chrysippus
585 2022 715 2064 non
744 1971 914 2064 dicet
943 2001 1149 2063 idem
1146 2022 1262 2064 nec
1292 2002 1449 2065 mite
1479 2003 1765 2065 Thaletis

142 2100 489 2212 ingenium
520 2100 821 2181 dulcique
850 2120 1038 2161 senex
1068 2099 1314 2162 vicinus
1344 2101 1674 2182 HymettO,

144 2200 266 2281 qui
300 2203 545 2279 partem
576 2202 867 2279 acceptae
896 2219 1078 2261 saeva
1104 2199 1275 2261 inter
1302 2199 1512 2261 vincla
1540 2200 1784 2262 cicutae

143 2296 503 2360 accusatori
536 2297 736 2358 nollet
765 2297 933 2359 dar'e.
1024 2297 1303 2378 plurima
1331 2298 1490 2359 felix

143 2395 466 2477 paulatim
496 2394 654 2457 vitia
682 2398 874 2474 atquc
902 2415 1141 2457 errores
1169 2395 1370 2469 exuit,
1405 2415 1623 2457 omnes

143 2493 363 2575 prima
390 2493 578 2554 docet
607 2496 852 2589 rectum
884 2492 1217 2573 sapientia.
1308 2492 1545 2574 quippe
1574 2494 1811 2555 minuti

145 2610 401 2672 semper
427 2593 493 2652 et
521 2589 762 2650 infirmi
792 2593 887 2651 est
915 2590 1111 2651 animi
1142 2590 1485 2670 exiguique
1517 2592 1806 2671 voluptas

144 2688 336 2751 ultio.
426 2687 735 2750 continuo
765 2675 868 2749 sic‘
884 2688 1130 2768 collige,
1167 2688 1338 2767 quod
1367 2687 1652 2750 vindicffa

144 2806 340 2849 nemo
369 2784 572 2865 magis
600 2786 840 2865 gaudet
870 2805 1062 2865 quam
1092 2785 1353 2848 femina.
1442 2806 1558 2848 cur
1586 2789 1800 2848 tamen
1829 2788 1944 2849 hos
1973 2791 2045 2848 tu

18 2964 28 2973 ‚
145 2884 416 2948 evasisse
444 2886 653 2964 putes,
690 2902 847 2963 quos
876 2882 1000 2943 diri
1030 2882 1281 2945 conscia
1309 2883 1466 2945 facti

148 2986 337 3044 mens
358 2981 553 3043 habet
580 2980 889 3043 attonitos
916 2984 981 3042 et
1009 2982 1201 3053 surdo
1231 2981 1487 3043 verbere
1518 2983 1726 3044 caedit

147 3080 479 3143 occultum
511 3078 840 3158 quatiente
867 3078 1081 3140 animo
1110 3082 1349 3141 tortore
1380 3079 1703 3160 flagellum
1723 3084 1752 3141 ⁴?

148 3196 355 3260 poena
382 3179 601 3238 autem
633 3176 970 3238 vehemens
998 3196 1071 3238 ac
1100 3177 1306 3238 multo
1336 3177 1576 3239 saevior
1604 3178 1731 3240 illis

149 3296 310 3357 quas
337 3277 404 3337 et
434 3273 768 3336 Caedicius
796 3275 1005 3356 gravis
1034 3275 1284 3338 invenit
1313 3279 1379 3337 et
1411 3276 1960 3353 Rhadamanthus,

19 3391 22 3400 *
149 3377 337 3437 nocte
367 3372 596 3451 dieque
627 3392 815 3433 suum
847 3377 1088 3453 gestare
1118 3373 1187 3434 in
1216 3377 1469 3453 pectore
1498 3377 1745 3436 testem.

150 3472 468 3553 Spartano
498 3469 754 3532 cuidam
785 3471 1113 3552 respondit
1144 3471 1376 3551 Pythia
1407 3477 1577 3534 vates

148 3571 312 3633 haut
341 3567 722 3649 inpunitum
754 3570 1072 3649 quondam
1107 3569 1243 3631 fore
1274 3571 1445 3650 quod
1477 3570 1801 3633 dubitaret

132 3666 517 3750 depositum
547 3665 818 3729 retinere
845 3671 911 3730 et
942 3668 1232 3729 fraudem
1263 3667 1402 3729 iure
1432 3669 1602 3729 tueri

149 3763 446 3832 iurando.

495 3860 529 3915 7

536 3764 875 3843 quaerebat
902 3765 1075 3828 enim
1106 3785 1264 3847 quae
1297 3766 1582 3830 numinis
1608 3770 1770 3829 esset

2279 286 2395 354 97-

2246 637 2362 698 170

2245 1127 2359 1187 175

2243 1614 2360 1676 180

2242 2107 2356 2180 185

2240 2596 2355 2655 190

2239 3086 2353 3145 195

2236 3576 2353 3633 200
