2787 4328
1069 317 1337 363 SATVRA
1380 317 1457 362 IV
1497 328 1502 333 ·

158 467 435 530 crimine
464 486 739 549 persona
768 466 924 529 est?
1004 467 1282 528 mullum
1313 488 1424 529 sex
1454 467 1717 530 milibus
1748 468 1929 543 emit,
1992 483 2062 581 Ὗ

121 604 124 623 .
157 570 557 645 aequantem
587 585 738 627 sanc
761 565 1027 644 paribus
1059 565 1358 627 sestertia
1387 566 1593 640 libris,

159 669 238 723 ut
268 663 619 751 perhibent
652 663 763 744 qui
796 663 876 723 de
908 659 1159 742 magnis
1190 662 1436 724 maiora
1467 664 1850 744 loquuntur.

125 776 134 791 ¹
159 760 511 823 consilium
540 761 737 822 laudo
768 760 1057 834 artificis,
1093 760 1144 820 si
1178 779 1444 822 munere
1474 766 1662 824 tanto

157 858 581 940 praecipuam
611 858 680 918 in
711 857 952 919 tabulis
985 877 1200 918 ceram
1231 857 1402 919 senis
1428 859 1706 941 ¹abstulit
1738 857 1922 937 orbi3

159 960 261 1018 est
292 955 460 1017 ratio
492 955 785 1029 ulterior,
814 973 1086 1034 magnae
1117 954 1169 1015 si
1203 954 1380 1017 misit
1412 955 1677 1031 amicae,

160 1072 329 1134 quae
358 1052 621 1114 vehitur
651 1053 830 1114 clus'o
858 1051 1008 1113 latis
1039 1053 1480 1132 specularibus
1510 1058 1719 1116 antro.

159 1151 258 1211 nil
291 1150 421 1211 tale
450 1154 787 1232 expectes:
827 1149 986 1211 emit
1018 1149 1159 1211 sibi.
1253 1150 1461 1211 multa
1491 1132 1973 1214 Videffi„„„

133 1267 331 1329 'quae
361 1247 555 1309 miser
585 1251 650 1310 et
679 1247 858 1328 frugi
889 1267 1019 1309 non
1050 1246 1212 1309 fecit
1243 1247 1536 1328 Apicius,
1626 1249 1749 1311 hoc
1779 1252 1856 1311 tu

161 1345 539 1407 succinctus
567 1345 779 1426 patria
809 1345 1163 1426 quondam,
1201 1343 1519 1426 Crispine,
1554 1366 1798 1427 papyro
1828 1346 1857 1408 Ρ

159 1443 288 1504 hoc
319 1443 531 1524 pretio
561 1452 862 1524 squamae
895 1443 924 1504 Ρ
1005 1443 1225 1523 potuit
1255 1444 1529 1505 sortasse
1560 1443 1834 1525 minoris,

160 1541 451 1622 piscator
479 1559 674 1621 quam
703 1540 898 1620 piscis
929 1540 1099 1617 emi3
1126 1540 1465 1623 provincia
1496 1540 1665 1602 tanti

162 1634 397 1699 vendit
426 1657 634 1717 agrOS,
670 1638 783 1699 sed
814 1637 1085 1699 maiores
1115 1637 1358 1718 Apulia
1386 1638 1635 1700 vendit.

163 1716 377 1828 qualis
405 1739 567 1796 tunc
598 1724 866 1815 epulas
849 1755 1065 1814 lpsum
1093 1736 1398 1816 gluttisse
1429 1740 1737 1816 putamus

163 1822 717 1942 induperatorem,
747 1852 898 1894 cum
926 1835 1028 1894 tot
1058 1833 1374 1907 sestertia,
1410 1838 1663 1943 partem

163 1930 467 2011 exiguam
497 1934 564 1991 et
593 1929 882 1992 modicae
913 1934 1263 2018 sumptam
1272 1931 1351 1991 de
1382 1931 1672 2011 margine
1702 1951 1920 2007 cenae,

164 2048 534 2139 purpureus
565 2029 784 2109 magni
816 2028 1092 2090 ructarit
1123 2032 1343 2089 scurra
1376 2028 1608 2103 Palati,

164 2126 299 2188 iam
329 2126 631 2208 princeps
648 2126 981 2237 equitum,
1017 2144 1250 2206 magna
1279 2125 1391 2206 qui
1424 2146 1578 2188 voce
1609 2127 1857 2189 solebat

165 2224 447 2286 vendere
480 2224 842 2304 municipes
871 2225 1082 2285 fracta
1112 2224 1192 2285 de
1223 2244 1435 2286 merce
1466 2225 1743 2286 siluros,
1728 2224 1756 2269 Ρ

162 2322 403 2403 incipe,
441 2321 728 2403 Calliope
758 2343 775 2399 3
817 2322 972 2383 licet
1002 2324 1068 2383 et
1098 2322 1452 2383 considere.
1541 2341 1673 2383 non
1704 2326 1802 2384 est

127 2425 132 2430 ’
166 2419 587 2492 cantandum,
623 2439 722 2481 res
750 2440 901 2481 vera
928 2419 1147 2500 agitur
1175 2441 1189 2480 ε
1233 2424 1515 2493 narrate,
1549 2420 1803 2499 puellae

168 2516 468 2579 Pierides.
563 2516 769 2597 prosit
796 2516 957 2577 mihi
986 2536 1098 2578 vos
1128 2516 1363 2578 dixisse
1393 2517 1655 2596 puellas.

247 2634 397 2676 cum
425 2614 553 2676 iam
583 2607 1035 2675 semianimum
1062 2614 1375 2675 laceraret
1406 2613 1668 2675 Flavius
1698 2614 1918 2675 orbem

165 2711 439 2774 ultimus
468 2715 534 2774 et
564 2711 744 2773 calvo
774 2711 1042 2773 serviret
1071 2711 1275 2773 Roma
1305 2710 1573 2806 Neroni,

163 2810 399 2871 incidit
429 2808 692 2870 Adriaci
722 2808 1030 2898 spatium
1035 2809 1412 2882 admirabile
1443 2808 1697 2870 rhombi

163 2912 318 2969 ante
348 2907 615 2968 domum
645 2906 940 2980 Veneris,
976 2927 1172 2986 quam
1203 2903 1441 2967 Dorica
1472 2906 1752 2968 sustinet
1784 2906 2040 2983 Ancon,

164 3004 588 3085 implevitque
619 3003 840 3080 sinus3
883 3024 1003 3065 nec
1034 3003 1207 3065 enim
1239 3002 1452 3065 minor
1480 3004 1773 3065 haeserat
1801 3003 1931 3065 illis

164 3122 327 3183 quos
357 3100 566 3206 qperit
594 3100 832 3181 glacies
861 3100 1184 3163 Maeotica
1212 3103 1534 3181 ruptaque
1565 3100 1831 3163 tandem

163 3200 407 3262 solibus
439 3199 720 3260 effundit
749 3198 1059 3260 torrentis
1089 3198 1171 3259 ad
1202 3198 1367 3260 ostia
1400 3198 1596 3260 Ponti

165 3297 412 3358 desidia
439 3296 658 3358 tardos
688 3303 755 3357 et
782 3296 978 3376 longo
1007 3295 1249 3376 frigore
1278 3295 1572 3376 pingues·

165 3394 452 3456 destinat
481 3392 604 3454 hoc
635 3397 998 3454 monstrum
1028 3394 1296 3453 cumbae
1325 3392 1574 3473 linique
1604 3392 1912 3472 magister

163 3491 461 3573 pontifici
491 3511 763 3552 summo.
854 3491 998 3570 quis
1029 3491 1202 3551 enim
1231 3509 1591 3571 proponere
1623 3491 1813 3553 talem

164 3593 282 3652 aut
312 3608 521 3650 emere
550 3589 840 3661 auderet,
875 3607 1025 3649 cum
1054 3589 1246 3667 plena
1276 3592 1341 3648 et
1372 3588 1566 3649 litora
1590 3575 1805 3649 ¹multo

167 3686 453 3748 delatore
482 3686 701 3746 forent
728 3684 756 3746 ?
839 3684 1107 3765 dispersi
1137 3685 1437 3766 protinus
1462 3685 1648 3765 'algae

166 3782 585 3867 inquisitores
612 3785 881 3864 agerent
912 3801 1060 3844 cum
1089 3781 1331 3864 remige
1360 3783 1539 3846 nudo

2177 322 2358 382 ,21

2292 474 2366 529 15

2288 957 2369 1017 20

2289 1445 2367 1505 25

2289 1933 2370 1994 30

2281 2422 2506 2506 ·35

2290 2910 2369 2969 40

2292 3395 2369 3452 45
