<?xml version="1.0" encoding="UTF-8"?>
<!DOCTYPE html PUBLIC "-//W3C//DTD XHTML 1.0 Transitional//EN"
    "http://www.w3.org/TR/xhtml1/DTD/xhtml1-transitional.dtd">
<html xmlns="http://www.w3.org/1999/xhtml" xml:lang="en" lang="en">
 <head>
  <title>
</title>
<meta http-equiv="Content-Type" content="text/html;charset=utf-8" />
  <meta name='ocr-system' content='tesseract 3.04.00' />
  <meta name='ocr-capabilities' content='ocr_page ocr_carea ocr_par ocr_line ocrx_word'/>
</head>
<body>
  <div class='ocr_page' id='page_1' title='image "./divniivvenaliss00juvgoog_0086.png"; bbox 0 0 2787 4328; ppageno 0'>
   <div class='ocr_carea' id='block_1_1' title="bbox 441 268 1909 320">
    <p class='ocr_par' dir='ltr' id='par_1_1' title="bbox 441 268 1909 320">
     <span class='ocr_line' id='line_1_1' title="bbox 441 268 1909 320; baseline -0.003 0"><span class='ocrx_word' id='word_1_1' title='bbox 441 276 476 320; x_wconf 90' lang='lat'>2</span> <span class='ocrx_word' id='word_1_2' title='bbox 1170 270 1228 316; x_wconf 89' lang='lat' dir='ltr'>D.</span> <span class='ocrx_word' id='word_1_3' title='bbox 1283 269 1477 315; x_wconf 85' lang='lat' dir='ltr'>IVNII</span> <span class='ocrx_word' id='word_1_4' title='bbox 1524 268 1909 315; x_wconf 81' lang='lat' dir='ltr'>IVVENALIS</span> 
     </span>
    </p>
   </div>
   <div class='ocr_carea' id='block_1_2' title="bbox 374 421 2434 3815">
    <p class='ocr_par' dir='ltr' id='par_1_2' title="bbox 374 421 2434 3815">
     <span class='ocr_line' id='line_1_2' title="bbox 440 421 2223 515; baseline -0.002 -28"><span class='ocrx_word' id='word_1_5' title='bbox 440 506 480 512; x_wconf 34' lang='lat' dir='ltr'><em>d</em></span> <span class='ocrx_word' id='word_1_6' title='bbox 519 445 667 513; x_wconf 62' lang='lat' dir='ltr'>qum</span> <span class='ocrx_word' id='word_1_7' title='bbox 696 428 1175 509; x_wconf 64' lang='lat' dir='ltr'>tener-uxorem</span> <span class='ocrx_word' id='word_1_8' title='bbox 1204 423 1406 515; x_wconf 49' lang='lat' dir='ltr'>stup-at</span> <span class='ocrx_word' id='word_1_9' title='bbox 1435 422 1654 503; x_wconf 87' lang='lat' dir='ltr'>spado,</span> <span class='ocrx_word' id='word_1_10' title='bbox 1695 421 1907 483; x_wconf 90' lang='lat' dir='ltr'>Mevia</span> <span class='ocrx_word' id='word_1_11' title='bbox 1936 422 2223 484; x_wconf 83' lang='lat' dir='ltr'>Tuscum</span> 
     </span>
     <span class='ocr_line' id='line_1_3' title="bbox 439 509 2083 603; baseline -0.003 -20"><span class='ocrx_word' id='word_1_12' title='bbox 439 524 596 603; x_wconf 88' lang='lat' dir='ltr'>figat</span> <span class='ocrx_word' id='word_1_13' title='bbox 625 509 951 602; x_wconf 45' lang='lat' dir='ltr'>asprum-&#39;et</span> <span class='ocrx_word' id='word_1_14' title='bbox 980 521 1157 582; x_wconf 87' lang='lat' dir='ltr'>nuda</span> <span class='ocrx_word' id='word_1_15' title='bbox 1188 524 1407 581; x_wconf 87' lang='lat' dir='ltr'>teneat</span> <span class='ocrx_word' id='word_1_16' title='bbox 1437 509 1766 582; x_wconf 51' lang='lat' dir='ltr'>venabula?</span> <span class='ocrx_word' id='word_1_17' title='bbox 1787 510 2083 592; x_wconf 65' lang='lat' dir='ltr'>mamma}</span> 
     </span>
     <span class='ocr_line' id='line_1_4' title="bbox 384 587 1966 700; baseline -0.003 -19"><span class='ocrx_word' id='word_1_18' title='bbox 384 656 395 664; x_wconf 85' lang='lat'><em>-</em></span> <span class='ocrx_word' id='word_1_19' title='bbox 436 590 746 700; x_wconf 54' lang='lat' dir='ltr'>patrioicf&#39;s</span> <span class='ocrx_word' id='word_1_20' title='bbox 758 587 985 680; x_wconf 39' lang='lat' dir='ltr'>&amp;nnis</span> <span class='ocrx_word' id='word_1_21' title='bbox 1017 618 1245 698; x_wconf 86' lang='lat' dir='ltr'>opibus</span> <span class='ocrx_word' id='word_1_22' title='bbox 1276 636 1426 679; x_wconf 92' lang='lat' dir='ltr'>cum</span> <span class='ocrx_word' id='word_1_23' title='bbox 1457 619 1765 697; x_wconf 85' lang='lat' dir='ltr'>provocet</span> <span class='ocrx_word' id='word_1_24' title='bbox 1796 635 1966 677; x_wconf 90' lang='lat' dir='ltr'>unus</span> 
     </span>
     <span class='ocr_line' id='line_1_5' title="bbox 392 713 2158 797; baseline -0.002 -19"><span class='ocrx_word' id='word_1_25' title='bbox 392 743 413 750; x_wconf 89' lang='lat'>-</span> <span class='ocrx_word' id='word_1_26' title='bbox 439 736 567 797; x_wconf 93' lang='lat' dir='ltr'>quo</span> <span class='ocrx_word' id='word_1_27' title='bbox 597 717 911 777; x_wconf 76' lang='lat' dir='ltr'>tondente</span> <span class='ocrx_word' id='word_1_28' title='bbox 943 715 1154 795; x_wconf 87' lang='lat' dir='ltr'>gravis</span> <span class='ocrx_word' id='word_1_29' title='bbox 1176 714 1396 776; x_wconf 90' lang='lat' dir='ltr'>iuveni</span> <span class='ocrx_word' id='word_1_30' title='bbox 1427 714 1587 774; x_wconf 90' lang='lat' dir='ltr'>mihi</span> <span class='ocrx_word' id='word_1_31' title='bbox 1619 714 1817 775; x_wconf 88' lang='lat' dir='ltr'>barba</span> <span class='ocrx_word' id='word_1_32' title='bbox 1846 713 2158 785; x_wconf 75' lang='lat' dir='ltr'>sonabat,-</span> 
     </span>
     <span class='ocr_line' id='line_1_6' title="bbox 439 805 2033 895; baseline -0.003 -19"><span class='ocrx_word' id='word_1_33' title='bbox 439 834 589 876; x_wconf 88' lang='lat' dir='ltr'>cum</span> <span class='ocrx_word' id='word_1_34' title='bbox 617 833 764 895; x_wconf 88' lang='lat' dir='ltr'>pars</span> <span class='ocrx_word' id='word_1_35' title='bbox 796 813 1085 875; x_wconf 81' lang='lat' dir='ltr'>Niliacae</span> <span class='ocrx_word' id='word_1_36' title='bbox 1115 812 1341 893; x_wconf 90' lang='lat' dir='ltr'>plebis,</span> <span class='ocrx_word' id='word_1_37' title='bbox 1377 832 1529 873; x_wconf 81' lang='lat' dir='ltr'>cum</span> <span class='ocrx_word' id='word_1_38' title='bbox 1557 805 1755 873; x_wconf 70' lang='lat' dir='ltr'>vei-na</span> <span class='ocrx_word' id='word_1_39' title='bbox 1787 809 2033 891; x_wconf 82' lang='lat' dir='ltr'>Canopi</span> 
     </span>
     <span class='ocr_line' id='line_1_7' title="bbox 442 908 1981 992; baseline -0.003 -19"><span class='ocrx_word' id='word_1_40' title='bbox 442 911 778 992; x_wconf 79' lang='lat' dir='ltr'>Crispinus</span> <span class='ocrx_word' id='word_1_41' title='bbox 811 910 1036 991; x_wconf 81' lang='lat' dir='ltr'>Tyrias</span> <span class='ocrx_word' id='word_1_42' title='bbox 1068 929 1288 971; x_wconf 90' lang='lat' dir='ltr'>umero</span> <span class='ocrx_word' id='word_1_43' title='bbox 1318 912 1662 971; x_wconf 88' lang='lat' dir='ltr'>revocante</span> <span class='ocrx_word' id='word_1_44' title='bbox 1691 908 1981 970; x_wconf 84' lang='lat' dir='ltr'>lacernas</span> 
     </span>
     <span class='ocr_line' id='line_1_8' title="bbox 438 1006 1991 1090; baseline -0.003 -20"><span class='ocrx_word' id='word_1_45' title='bbox 438 1009 712 1090; x_wconf 77' lang='lat' dir='ltr'>ventilet</span> <span class='ocrx_word' id='word_1_46' title='bbox 740 1008 1057 1069; x_wconf 88' lang='lat' dir='ltr'>aestivum</span> <span class='ocrx_word' id='word_1_47' title='bbox 1088 1007 1310 1087; x_wconf 87' lang='lat' dir='ltr'>digitis</span> <span class='ocrx_word' id='word_1_48' title='bbox 1341 1006 1727 1068; x_wconf 84' lang='lat' dir='ltr'>sudantibus</span> <span class='ocrx_word' id='word_1_49' title='bbox 1758 1025 1991 1067; x_wconf 90' lang='lat' dir='ltr'>aurum</span> 
     </span>
     <span class='ocr_line' id='line_1_9' title="bbox 439 1104 2022 1186; baseline -0.002 -19"><span class='ocrx_word' id='word_1_50' title='bbox 439 1125 557 1185; x_wconf 85' lang='lat' dir='ltr'>nec</span> <span class='ocrx_word' id='word_1_51' title='bbox 587 1107 854 1167; x_wconf 83' lang='lat' dir='ltr'>sufferre</span> <span class='ocrx_word' id='word_1_52' title='bbox 886 1108 1080 1186; x_wconf 91' lang='lat' dir='ltr'>queat</span> <span class='ocrx_word' id='word_1_53' title='bbox 1109 1104 1366 1165; x_wconf 90' lang='lat' dir='ltr'>maioris</span> <span class='ocrx_word' id='word_1_54' title='bbox 1396 1105 1683 1185; x_wconf 91' lang='lat' dir='ltr'>pondera</span> <span class='ocrx_word' id='word_1_55' title='bbox 1711 1123 2022 1184; x_wconf 83' lang='lat' dir='ltr'>gemmae,</span> 
     </span>
     <span class='ocr_line' id='line_1_10' title="bbox 440 1201 2343 1283; baseline 0 -18"><span class='ocrx_word' id='word_1_56' title='bbox 440 1203 700 1265; x_wconf 87' lang='lat' dir='ltr'>difficile</span> <span class='ocrx_word' id='word_1_57' title='bbox 731 1208 829 1265; x_wconf 91' lang='lat' dir='ltr'>est</span> <span class='ocrx_word' id='word_1_58' title='bbox 859 1207 1144 1264; x_wconf 88' lang='lat' dir='ltr'>saturam</span> <span class='ocrx_word' id='word_1_59' title='bbox 1174 1222 1304 1263; x_wconf 89' lang='lat' dir='ltr'>non</span> <span class='ocrx_word' id='word_1_60' title='bbox 1336 1202 1636 1263; x_wconf 90' lang='lat' dir='ltr'>scribere.</span> <span class='ocrx_word' id='word_1_61' title='bbox 1726 1222 1879 1263; x_wconf 87' lang='lat' dir='ltr'>nam</span> <span class='ocrx_word' id='word_1_62' title='bbox 1910 1201 2054 1282; x_wconf 86' lang='lat' dir='ltr'>quis</span> <span class='ocrx_word' id='word_1_63' title='bbox 2084 1201 2343 1283; x_wconf 85' lang='lat' dir='ltr'>iniquae</span> 
     </span>
     <span class='ocr_line' id='line_1_11' title="bbox 438 1300 2078 1381; baseline -0.001 -20"><span class='ocrx_word' id='word_1_64' title='bbox 438 1303 575 1362; x_wconf 87' lang='lat' dir='ltr'>tam</span> <span class='ocrx_word' id='word_1_65' title='bbox 604 1301 856 1381; x_wconf 89' lang='lat' dir='ltr'>patiens</span> <span class='ocrx_word' id='word_1_66' title='bbox 886 1300 1084 1374; x_wconf 81' lang='lat' dir='ltr'>urbiS,</span> <span class='ocrx_word' id='word_1_67' title='bbox 1112 1303 1246 1361; x_wconf 90' lang='lat' dir='ltr'>tam</span> <span class='ocrx_word' id='word_1_68' title='bbox 1279 1300 1549 1373; x_wconf 77' lang='lat' dir='ltr'>ferreus,</span> <span class='ocrx_word' id='word_1_69' title='bbox 1587 1303 1661 1360; x_wconf 91' lang='lat' dir='ltr'>ut</span> <span class='ocrx_word' id='word_1_70' title='bbox 1688 1303 1910 1361; x_wconf 85' lang='lat' dir='ltr'>teneat</span> <span class='ocrx_word' id='word_1_71' title='bbox 1941 1319 2027 1372; x_wconf 90' lang='lat' dir='ltr'>se,</span> <span class='ocrx_word' id='word_1_72' title='bbox 2073 1359 2078 1368; x_wconf 85' lang='grc'>,</span> 
     </span>
     <span class='ocr_line' id='line_1_12' title="bbox 441 1396 1989 1460; baseline -0.001 -1"><span class='ocrx_word' id='word_1_73' title='bbox 441 1397 748 1460; x_wconf 86' lang='lat' dir='ltr'>causidici</span> <span class='ocrx_word' id='word_1_74' title='bbox 776 1418 943 1459; x_wconf 89' lang='lat' dir='ltr'>nova</span> <span class='ocrx_word' id='word_1_75' title='bbox 973 1418 1120 1458; x_wconf 89' lang='lat' dir='ltr'>cum</span> <span class='ocrx_word' id='word_1_76' title='bbox 1150 1396 1368 1458; x_wconf 86' lang='lat' dir='ltr'>veniat</span> <span class='ocrx_word' id='word_1_77' title='bbox 1396 1397 1629 1458; x_wconf 89' lang='lat' dir='ltr'>lectica</span> <span class='ocrx_word' id='word_1_78' title='bbox 1660 1396 1989 1458; x_wconf 88' lang='lat' dir='ltr'>Mathonis</span> 
     </span>
     <span class='ocr_line' id='line_1_13' title="bbox 439 1492 1963 1576; baseline -0.001 -20"><span class='ocrx_word' id='word_1_79' title='bbox 439 1495 632 1576; x_wconf 87' lang='lat' dir='ltr'>plena</span> <span class='ocrx_word' id='word_1_80' title='bbox 659 1494 821 1575; x_wconf 90' lang='lat' dir='ltr'>ipso,</span> <span class='ocrx_word' id='word_1_81' title='bbox 856 1499 1002 1576; x_wconf 90' lang='lat' dir='ltr'>post</span> <span class='ocrx_word' id='word_1_82' title='bbox 1032 1495 1207 1556; x_wconf 90' lang='lat' dir='ltr'>hunc</span> <span class='ocrx_word' id='word_1_83' title='bbox 1240 1494 1459 1574; x_wconf 89' lang='lat' dir='ltr'>magni</span> <span class='ocrx_word' id='word_1_84' title='bbox 1491 1494 1741 1555; x_wconf 87' lang='lat' dir='ltr'>delator</span> <span class='ocrx_word' id='word_1_85' title='bbox 1770 1492 1963 1554; x_wconf 87' lang='lat' dir='ltr'>amici</span> 
     </span>
     <span class='ocr_line' id='line_1_14' title="bbox 441 1591 1767 1672; baseline -0.002 -18"><span class='ocrx_word' id='word_1_86' title='bbox 441 1597 507 1654; x_wconf 90' lang='lat' dir='ltr'>et</span> <span class='ocrx_word' id='word_1_87' title='bbox 536 1592 666 1654; x_wconf 90' lang='lat' dir='ltr'>cito</span> <span class='ocrx_word' id='word_1_88' title='bbox 696 1596 1002 1672; x_wconf 87' lang='lat' dir='ltr'>rapturus</span> <span class='ocrx_word' id='word_1_89' title='bbox 1031 1594 1109 1653; x_wconf 90' lang='lat' dir='ltr'>de</span> <span class='ocrx_word' id='word_1_90' title='bbox 1139 1591 1482 1653; x_wconf 90' lang='lat' dir='ltr'>nobilitate</span> <span class='ocrx_word' id='word_1_91' title='bbox 1516 1611 1767 1653; x_wconf 89' lang='lat' dir='ltr'>comesa</span> 
     </span>
     <span class='ocr_line' id='line_1_15' title="bbox 439 1689 2434 1772; baseline 0.001 -21"><span class='ocrx_word' id='word_1_92' title='bbox 439 1692 613 1770; x_wconf 91' lang='lat' dir='ltr'>quod</span> <span class='ocrx_word' id='word_1_93' title='bbox 639 1694 953 1772; x_wconf 88' lang='lat' dir='ltr'>superest,</span> <span class='ocrx_word' id='word_1_94' title='bbox 979 1710 1170 1771; x_wconf 89' lang='lat' dir='ltr'>quem</span> <span class='ocrx_word' id='word_1_95' title='bbox 1204 1689 1414 1750; x_wconf 86' lang='lat' dir='ltr'>Massa</span> <span class='ocrx_word' id='word_1_96' title='bbox 1444 1689 1654 1762; x_wconf 89' lang='lat' dir='ltr'>timet,</span> <span class='ocrx_word' id='word_1_97' title='bbox 1692 1708 1884 1769; x_wconf 90' lang='lat' dir='ltr'>quem</span> <span class='ocrx_word' id='word_1_98' title='bbox 1915 1709 2180 1751; x_wconf 90' lang='lat' dir='ltr'>munere</span> <span class='ocrx_word' id='word_1_99' title='bbox 2209 1691 2434 1770; x_wconf 87' lang='lat' dir='ltr'>palpat</span> 
     </span>
     <span class='ocr_line' id='line_1_16' title="bbox 443 1781 2128 1867; baseline -0.001 -19"><span class='ocrx_word' id='word_1_100' title='bbox 443 1787 643 1849; x_wconf 86' lang='lat' dir='ltr'>Carus</span> <span class='ocrx_word' id='word_1_101' title='bbox 673 1793 738 1848; x_wconf 90' lang='lat' dir='ltr'>et</span> <span class='ocrx_word' id='word_1_102' title='bbox 768 1808 804 1848; x_wconf 88' lang='lat' dir='ltr'>a</span> <span class='ocrx_word' id='word_1_103' title='bbox 833 1787 1088 1867; x_wconf 83' lang='lat' dir='ltr'>trepido</span> <span class='ocrx_word' id='word_1_104' title='bbox 1121 1781 1802 1867; x_wconf 56' lang='lat' dir='ltr'>Thymelesummissa</span> <span class='ocrx_word' id='word_1_105' title='bbox 1832 1785 2067 1848; x_wconf 90' lang='lat' dir='ltr'>Latino</span> <span class='ocrx_word' id='word_1_106' title='bbox 2100 1785 2128 1846; x_wconf 84' lang='lat'>?</span> 
     </span>
     <span class='ocr_line' id='line_1_17' title="bbox 412 1868 2097 1966; baseline -0.001 -20"><span class='ocrx_word' id='word_1_107' title='bbox 412 1873 455 1966; x_wconf 52' lang='grc' dir='ltr'>ᾗ</span> <span class='ocrx_word' id='word_1_108' title='bbox 441 1868 590 1946; x_wconf 84' lang='lat' dir='ltr'>cum</span> <span class='ocrx_word' id='word_1_109' title='bbox 622 1890 687 1946; x_wconf 90' lang='lat' dir='ltr'>te</span> <span class='ocrx_word' id='word_1_110' title='bbox 719 1889 1168 1946; x_wconf 87' lang='lat' dir='ltr'>summoveant</span> <span class='ocrx_word' id='word_1_111' title='bbox 1200 1885 1310 1965; x_wconf 89' lang='lat' dir='ltr'>qui</span> <span class='ocrx_word' id='word_1_112' title='bbox 1342 1887 1735 1945; x_wconf 85' lang='lat' dir='ltr'>testamenta</span> <span class='ocrx_word' id='word_1_113' title='bbox 1765 1889 2097 1945; x_wconf 90' lang='lat' dir='ltr'>merentur</span> 
     </span>
     <span class='ocr_line' id='line_1_18' title="bbox 439 1980 2126 2062; baseline -0.001 -19"><span class='ocrx_word' id='word_1_114' title='bbox 439 1982 762 2054; x_wconf 89' lang='lat' dir='ltr'>noctibus,</span> <span class='ocrx_word' id='word_1_115' title='bbox 796 1982 864 2042; x_wconf 92' lang='lat' dir='ltr'>in</span> <span class='ocrx_word' id='word_1_116' title='bbox 897 1982 1146 2043; x_wconf 91' lang='lat' dir='ltr'>caelum</span> <span class='ocrx_word' id='word_1_117' title='bbox 1177 2001 1336 2062; x_wconf 91' lang='lat' dir='ltr'>quos</span> <span class='ocrx_word' id='word_1_118' title='bbox 1366 1980 1583 2042; x_wconf 86' lang='lat' dir='ltr'>evehit</span> <span class='ocrx_word' id='word_1_119' title='bbox 1615 1981 1862 2061; x_wconf 89' lang='lat' dir='ltr'>optima</span> <span class='ocrx_word' id='word_1_120' title='bbox 1892 1980 2126 2042; x_wconf 89' lang='lat' dir='ltr'>summi</span> 
     </span>
     <span class='ocr_line' id='line_1_19' title="bbox 400 2078 1977 2159; baseline 0 -20"><span class='ocrx_word' id='word_1_121' title='bbox 400 2148 406 2156; x_wconf 40' lang='grc'>,</span> <span class='ocrx_word' id='word_1_122' title='bbox 440 2099 615 2141; x_wconf 89' lang='lat' dir='ltr'>nunc</span> <span class='ocrx_word' id='word_1_123' title='bbox 646 2079 749 2140; x_wconf 86' lang='lat' dir='ltr'>via</span> <span class='ocrx_word' id='word_1_124' title='bbox 779 2099 1134 2159; x_wconf 87' lang='lat' dir='ltr'>processus,</span> <span class='ocrx_word' id='word_1_125' title='bbox 1171 2078 1426 2140; x_wconf 91' lang='lat' dir='ltr'>vetulae</span> <span class='ocrx_word' id='word_1_126' title='bbox 1457 2078 1668 2140; x_wconf 91' lang='lat' dir='ltr'>vesica</span> <span class='ocrx_word' id='word_1_127' title='bbox 1698 2078 1922 2139; x_wconf 87' lang='lat' dir='ltr'>beatae</span> <span class='ocrx_word' id='word_1_128' title='bbox 1949 2080 1977 2139; x_wconf 83' lang='grc' dir='ltr'><strong><em>Ρ</em></strong></span> 
     </span>
     <span class='ocr_line' id='line_1_20' title="bbox 440 2177 2139 2250; baseline -0.001 -12"><span class='ocrx_word' id='word_1_129' title='bbox 440 2177 763 2240; x_wconf 89' lang='lat' dir='ltr'>unciolam</span> <span class='ocrx_word' id='word_1_130' title='bbox 796 2177 1171 2246; x_wconf 60' lang='lat' dir='ltr'>Paeoculeius</span> <span class='ocrx_word' id='word_1_131' title='bbox 1200 2177 1419 2250; x_wconf 88' lang='lat' dir='ltr'>habet,</span> <span class='ocrx_word' id='word_1_132' title='bbox 1455 2177 1566 2238; x_wconf 90' lang='lat' dir='ltr'>sed</span> <span class='ocrx_word' id='word_1_133' title='bbox 1599 2177 1770 2238; x_wconf 83' lang='lat' dir='ltr'>Gillo</span> <span class='ocrx_word' id='word_1_134' title='bbox 1801 2178 2139 2250; x_wconf 88' lang='lat' dir='ltr'>deuncem,</span> 
     </span>
     <span class='ocr_line' id='line_1_21' title="bbox 437 2262 2218 2368; baseline 0 -33"><span class='ocrx_word' id='word_1_135' title='bbox 437 2278 650 2355; x_wconf 87' lang='lat' dir='ltr'>partes</span> <span class='ocrx_word' id='word_1_136' title='bbox 680 2275 950 2356; x_wconf 91' lang='lat' dir='ltr'>quisque</span> <span class='ocrx_word' id='word_1_137' title='bbox 975 2295 1120 2336; x_wconf 89' lang='lat' dir='ltr'>suas</span> <span class='ocrx_word' id='word_1_138' title='bbox 1143 2275 1225 2337; x_wconf 89' lang='lat' dir='ltr'>ad</span> <span class='ocrx_word' id='word_1_139' title='bbox 1254 2294 1621 2341; x_wconf 87' lang='lat' dir='ltr'>mensuram</span> <span class='ocrx_word' id='word_1_140' title='bbox 1650 2274 1938 2354; x_wconf 85' lang='lat' dir='ltr'>inguinis</span> <span class='ocrx_word' id='word_1_141' title='bbox 1968 2262 2218 2368; x_wconf 58' lang='lat' dir='ltr'>heres.)</span> 
     </span>
     <span class='ocr_line' id='line_1_22' title="bbox 438 2362 1871 2452; baseline 0 -19"><span class='ocrx_word' id='word_1_142' title='bbox 438 2371 715 2452; x_wconf 86' lang='lat' dir='ltr'>accipiat</span> <span class='ocrx_word' id='word_1_143' title='bbox 746 2392 898 2433; x_wconf 88' lang='lat' dir='ltr'>sane</span> <span class='ocrx_word' id='word_1_144' title='bbox 928 2362 1287 2433; x_wconf 66' lang='lat' dir='ltr'>m&#39;ercedem</span> <span class='ocrx_word' id='word_1_145' title='bbox 1318 2371 1653 2452; x_wconf 89' lang='lat' dir='ltr'>sanguinis</span> <span class='ocrx_word' id='word_1_146' title='bbox 1685 2377 1750 2433; x_wconf 89' lang='lat' dir='ltr'>et</span> <span class='ocrx_word' id='word_1_147' title='bbox 1782 2372 1871 2433; x_wconf 91' lang='lat' dir='ltr'>sic</span> 
     </span>
     <span class='ocr_line' id='line_1_23' title="bbox 437 2469 2091 2550; baseline 0 -20"><span class='ocrx_word' id='word_1_148' title='bbox 437 2469 699 2549; x_wconf 86' lang='lat' dir='ltr'>palleat,</span> <span class='ocrx_word' id='word_1_149' title='bbox 735 2472 811 2530; x_wconf 87' lang='lat' dir='ltr'>ut</span> <span class='ocrx_word' id='word_1_150' title='bbox 840 2469 1034 2530; x_wconf 92' lang='lat' dir='ltr'>nudis</span> <span class='ocrx_word' id='word_1_151' title='bbox 1064 2470 1298 2550; x_wconf 88' lang='lat' dir='ltr'>pressit</span> <span class='ocrx_word' id='word_1_152' title='bbox 1329 2469 1441 2549; x_wconf 91' lang='lat' dir='ltr'>qui</span> <span class='ocrx_word' id='word_1_153' title='bbox 1473 2469 1756 2530; x_wconf 86' lang='lat' dir='ltr'>calcibus</span> <span class='ocrx_word' id='word_1_154' title='bbox 1788 2488 2091 2549; x_wconf 87' lang='lat' dir='ltr'>anguem,</span> 
     </span>
     <span class='ocr_line' id='line_1_24' title="bbox 438 2566 2045 2647; baseline 0.001 -21"><span class='ocrx_word' id='word_1_155' title='bbox 438 2570 553 2627; x_wconf 88' lang='lat' dir='ltr'>aut</span> <span class='ocrx_word' id='word_1_156' title='bbox 585 2566 1135 2647; x_wconf 89' lang='lat' dir='ltr'>Lugudunensem</span> <span class='ocrx_word' id='word_1_157' title='bbox 1164 2566 1387 2628; x_wconf 85' lang='lat' dir='ltr'>rhetor</span> <span class='ocrx_word' id='word_1_158' title='bbox 1419 2567 1713 2628; x_wconf 87' lang='lat' dir='ltr'>dicturus</span> <span class='ocrx_word' id='word_1_159' title='bbox 1743 2568 1823 2627; x_wconf 86' lang='lat' dir='ltr'>ad</span> <span class='ocrx_word' id='word_1_160' title='bbox 1849 2586 2045 2628; x_wconf 88' lang='lat' dir='ltr'>aram.</span> 
     </span>
     <span class='ocr_line' id='line_1_25' title="bbox 439 2663 2057 2752; baseline 0 -28"><span class='ocrx_word' id='word_1_161' title='bbox 439 2664 594 2744; x_wconf 88' lang='lat' dir='ltr'>quid</span> <span class='ocrx_word' id='word_1_162' title='bbox 623 2664 900 2752; x_wconf 79' lang='lat' dir='ltr'>referam</span> <span class='ocrx_word' id='word_1_163' title='bbox 931 2668 1176 2746; x_wconf 87' lang='lat' dir='ltr'>quanta</span> <span class='ocrx_word' id='word_1_164' title='bbox 1204 2664 1449 2725; x_wconf 88' lang='lat' dir='ltr'>siccum</span> <span class='ocrx_word' id='word_1_165' title='bbox 1479 2663 1658 2726; x_wconf 90' lang='lat' dir='ltr'>iecur</span> <span class='ocrx_word' id='word_1_166' title='bbox 1688 2664 1911 2725; x_wconf 87' lang='lat' dir='ltr'>ardeat</span> <span class='ocrx_word' id='word_1_167' title='bbox 1940 2664 2057 2737; x_wconf 88' lang='lat' dir='ltr'>ira,</span> 
     </span>
     <span class='ocr_line' id='line_1_26' title="bbox 392 2755 2353 2847; baseline 0.001 -25"><span class='ocrx_word' id='word_1_168' title='bbox 392 2755 588 2842; x_wconf 52' lang='lat' dir='ltr'>chm</span> <span class='ocrx_word' id='word_1_169' title='bbox 615 2761 931 2847; x_wconf 81' lang='lat' dir='ltr'>populum</span> <span class='ocrx_word' id='word_1_170' title='bbox 961 2761 1263 2841; x_wconf 88' lang='lat' dir='ltr'>gregibus</span> <span class='ocrx_word' id='word_1_171' title='bbox 1295 2762 1610 2823; x_wconf 92' lang='lat' dir='ltr'>comitum</span> <span class='ocrx_word' id='word_1_172' title='bbox 1639 2761 1878 2842; x_wconf 90' lang='lat' dir='ltr'>premit</span> <span class='ocrx_word' id='word_1_173' title='bbox 1907 2761 2018 2823; x_wconf 92' lang='lat' dir='ltr'>hic</span> <span class='ocrx_word' id='word_1_174' title='bbox 2045 2761 2353 2842; x_wconf 88' lang='lat' dir='ltr'>spoliat&#39;or</span> 
     </span>
     <span class='ocr_line' id='line_1_27' title="bbox 437 2858 1960 2938; baseline 0 -20"><span class='ocrx_word' id='word_1_175' title='bbox 437 2858 671 2938; x_wconf 90' lang='lat' dir='ltr'>pupilli</span> <span class='ocrx_word' id='word_1_176' title='bbox 702 2859 1057 2938; x_wconf 90' lang='lat' dir='ltr'>prostantis</span> <span class='ocrx_word' id='word_1_177' title='bbox 1087 2862 1153 2920; x_wconf 92' lang='lat' dir='ltr'>et</span> <span class='ocrx_word' id='word_1_178' title='bbox 1182 2858 1289 2920; x_wconf 91' lang='lat' dir='ltr'>hic</span> <span class='ocrx_word' id='word_1_179' title='bbox 1322 2859 1667 2920; x_wconf 85' lang='lat' dir='ltr'>damnatus</span> <span class='ocrx_word' id='word_1_180' title='bbox 1697 2858 1877 2935; x_wconf 83' lang='lat' dir='ltr'>inani</span> <span class='ocrx_word' id='word_1_181' title='bbox 1951 2884 1960 2891; x_wconf 79' lang='grc'><em>·</em></span> 
     </span>
     <span class='ocr_line' id='line_1_28' title="bbox 437 2955 2060 3035; baseline 0.001 -20"><span class='ocrx_word' id='word_1_182' title='bbox 437 2955 678 3017; x_wconf 88' lang='lat' dir='ltr'>iudicio</span> <span class='ocrx_word' id='word_1_183' title='bbox 706 2955 734 3016; x_wconf 98' lang='grc' dir='ltr'><strong><em>Ρ</em></strong></span> <span class='ocrx_word' id='word_1_184' title='bbox 804 2955 960 3035; x_wconf 91' lang='lat' dir='ltr'>quid</span> <span class='ocrx_word' id='word_1_185' title='bbox 991 2956 1162 3016; x_wconf 90' lang='lat' dir='ltr'>enim</span> <span class='ocrx_word' id='word_1_186' title='bbox 1194 2955 1384 3017; x_wconf 89' lang='lat' dir='ltr'>salvis</span> <span class='ocrx_word' id='word_1_187' title='bbox 1415 2956 1687 3017; x_wconf 80' lang='lat' dir='ltr'>infamia</span> <span class='ocrx_word' id='word_1_188' title='bbox 1715 2956 2000 3017; x_wconf 90' lang='lat' dir='ltr'>nummis</span> <span class='ocrx_word' id='word_1_189' title='bbox 2031 2955 2060 3017; x_wconf 94' lang='grc' dir='ltr'><strong><em>Ρ</em></strong></span> 
     </span>
     <span class='ocr_line' id='line_1_29' title="bbox 437 3052 1929 3115; baseline 0.001 -2"><span class='ocrx_word' id='word_1_190' title='bbox 437 3052 585 3113; x_wconf 87' lang='lat' dir='ltr'>exul</span> <span class='ocrx_word' id='word_1_191' title='bbox 617 3054 696 3114; x_wconf 90' lang='lat' dir='ltr'>ab</span> <span class='ocrx_word' id='word_1_192' title='bbox 728 3058 954 3114; x_wconf 87' lang='lat' dir='ltr'>octava</span> <span class='ocrx_word' id='word_1_193' title='bbox 986 3053 1229 3115; x_wconf 87' lang='lat' dir='ltr'>Marius</span> <span class='ocrx_word' id='word_1_194' title='bbox 1260 3053 1427 3115; x_wconf 87' lang='lat' dir='ltr'>bibit</span> <span class='ocrx_word' id='word_1_195' title='bbox 1459 3057 1523 3114; x_wconf 90' lang='lat' dir='ltr'>et</span> <span class='ocrx_word' id='word_1_196' title='bbox 1554 3053 1801 3113; x_wconf 81' lang='lat' dir='ltr'>fruitur</span> <span class='ocrx_word' id='word_1_197' title='bbox 1831 3052 1929 3114; x_wconf 91' lang='lat' dir='ltr'>dis</span> 
     </span>
     <span class='ocr_line' id='line_1_30' title="bbox 436 3149 1737 3231; baseline 0.002 -22"><span class='ocrx_word' id='word_1_198' title='bbox 436 3149 638 3223; x_wconf 84' lang='lat' dir='ltr'>iratis,</span> <span class='ocrx_word' id='word_1_199' title='bbox 673 3153 741 3210; x_wconf 83' lang='lat' dir='ltr'>at</span> <span class='ocrx_word' id='word_1_200' title='bbox 770 3155 846 3210; x_wconf 91' lang='lat' dir='ltr'>tu</span> <span class='ocrx_word' id='word_1_201' title='bbox 877 3150 1111 3211; x_wconf 85' lang='lat' dir='ltr'>victrix</span> <span class='ocrx_word' id='word_1_202' title='bbox 1140 3151 1475 3231; x_wconf 89' lang='lat' dir='ltr'>provincia</span> <span class='ocrx_word' id='word_1_203' title='bbox 1503 3150 1737 3231; x_wconf 84' lang='lat' dir='ltr'>ploras.</span> 
     </span>
     <span class='ocr_line' id='line_1_31' title="bbox 436 3246 2132 3328; baseline 0.002 -21"><span class='ocrx_word' id='word_1_204' title='bbox 436 3246 592 3323; x_wconf 86' lang='lat' dir='ltr'>haec</span> <span class='ocrx_word' id='word_1_205' title='bbox 623 3267 741 3327; x_wconf 92' lang='lat' dir='ltr'>ego</span> <span class='ocrx_word' id='word_1_206' title='bbox 771 3268 903 3308; x_wconf 88' lang='lat' dir='ltr'>non</span> <span class='ocrx_word' id='word_1_207' title='bbox 934 3248 1189 3309; x_wconf 88' lang='lat' dir='ltr'>credam</span> <span class='ocrx_word' id='word_1_208' title='bbox 1220 3248 1554 3309; x_wconf 86' lang='lat' dir='ltr'>Venusina</span> <span class='ocrx_word' id='word_1_209' title='bbox 1585 3247 1782 3328; x_wconf 89' lang='lat' dir='ltr'>digna</span> <span class='ocrx_word' id='word_1_210' title='bbox 1810 3248 2076 3310; x_wconf 90' lang='lat' dir='ltr'>lucerna</span> <span class='ocrx_word' id='word_1_211' title='bbox 2103 3249 2132 3310; x_wconf 92' lang='grc' dir='ltr'><strong><em>Ρ</em></strong></span> 
     </span>
     <span class='ocr_line' id='line_1_32' title="bbox 435 3343 2323 3426; baseline 0.002 -21"><span class='ocrx_word' id='word_1_212' title='bbox 435 3343 591 3406; x_wconf 88' lang='lat' dir='ltr'>haec</span> <span class='ocrx_word' id='word_1_213' title='bbox 623 3363 740 3425; x_wconf 91' lang='lat' dir='ltr'>ego</span> <span class='ocrx_word' id='word_1_214' title='bbox 769 3365 900 3406; x_wconf 91' lang='lat' dir='ltr'>non</span> <span class='ocrx_word' id='word_1_215' title='bbox 931 3345 1169 3426; x_wconf 88' lang='lat' dir='ltr'>agitem</span> <span class='ocrx_word' id='word_1_216' title='bbox 1199 3345 1226 3406; x_wconf 91' lang='grc' dir='ltr'><strong><em>Ρ</em></strong></span> <span class='ocrx_word' id='word_1_217' title='bbox 1307 3346 1417 3406; x_wconf 87' lang='lat' dir='ltr'>sed</span> <span class='ocrx_word' id='word_1_218' title='bbox 1450 3345 1605 3425; x_wconf 91' lang='lat' dir='ltr'>quid</span> <span class='ocrx_word' id='word_1_219' title='bbox 1636 3345 1839 3426; x_wconf 90' lang='lat' dir='ltr'>magis</span> <span class='ocrx_word' id='word_1_220' title='bbox 1868 3346 1895 3408; x_wconf 89' lang='grc' dir='ltr'><strong><em>Ρ</em></strong></span> <span class='ocrx_word' id='word_1_221' title='bbox 1980 3345 2323 3409; x_wconf 87' lang='lat' dir='ltr'>Heracleas</span> 
     </span>
     <span class='ocr_line' id='line_1_33' title="bbox 436 3442 1848 3523; baseline 0.001 -21"><span class='ocrx_word' id='word_1_222' title='bbox 436 3446 550 3503; x_wconf 89' lang='lat' dir='ltr'>aut</span> <span class='ocrx_word' id='word_1_223' title='bbox 580 3442 962 3504; x_wconf 87' lang='lat' dir='ltr'>Diomedeas</span> <span class='ocrx_word' id='word_1_224' title='bbox 992 3446 1107 3504; x_wconf 87' lang='lat' dir='ltr'>aut</span> <span class='ocrx_word' id='word_1_225' title='bbox 1137 3443 1465 3523; x_wconf 78' lang='lat' dir='ltr'>mugitum</span> <span class='ocrx_word' id='word_1_226' title='bbox 1492 3443 1848 3523; x_wconf 87' lang='lat' dir='ltr'>labyrinthi</span> 
     </span>
     <span class='ocr_line' id='line_1_34' title="bbox 436 3540 2137 3621; baseline 0.001 -20"><span class='ocrx_word' id='word_1_227' title='bbox 436 3543 502 3601; x_wconf 90' lang='lat' dir='ltr'>et</span> <span class='ocrx_word' id='word_1_228' title='bbox 531 3558 703 3601; x_wconf 88' lang='lat' dir='ltr'>mare</span> <span class='ocrx_word' id='word_1_229' title='bbox 733 3558 1109 3620; x_wconf 90' lang='lat' dir='ltr'>percussum</span> <span class='ocrx_word' id='word_1_230' title='bbox 1137 3560 1338 3621; x_wconf 91' lang='lat' dir='ltr'>puero</span> <span class='ocrx_word' id='word_1_231' title='bbox 1367 3540 1758 3621; x_wconf 78' lang='lat' dir='ltr'>fabrumque</span> <span class='ocrx_word' id='word_1_232' title='bbox 1788 3541 2137 3615; x_wconf 85' lang='lat' dir='ltr'>volantem,</span> 
     </span>
     <span class='ocr_line' id='line_1_35' title="bbox 374 3618 1990 3719; baseline 0.001 -22"><span class='ocrx_word' id='word_1_233' title='bbox 374 3618 585 3719; x_wconf 41' lang='lat' dir='ltr'>{cum</span> <span class='ocrx_word' id='word_1_234' title='bbox 613 3637 762 3698; x_wconf 91' lang='lat' dir='ltr'>leno</span> <span class='ocrx_word' id='word_1_235' title='bbox 792 3636 1069 3718; x_wconf 89' lang='lat' dir='ltr'>accipiat</span> <span class='ocrx_word' id='word_1_236' title='bbox 1097 3637 1350 3699; x_wconf 90' lang='lat' dir='ltr'>moechi</span> <span class='ocrx_word' id='word_1_237' title='bbox 1381 3638 1571 3711; x_wconf 88' lang='lat' dir='ltr'>bona,</span> <span class='ocrx_word' id='word_1_238' title='bbox 1608 3637 1658 3699; x_wconf 91' lang='lat' dir='ltr'>si</span> <span class='ocrx_word' id='word_1_239' title='bbox 1692 3637 1990 3717; x_wconf 90' lang='lat' dir='ltr'>capiendi</span> 
     </span>
     <span class='ocr_line' id='line_1_36' title="bbox 436 3735 1966 3815; baseline 0.001 -20"><span class='ocrx_word' id='word_1_240' title='bbox 436 3735 536 3796; x_wconf 91' lang='lat' dir='ltr'>ius</span> <span class='ocrx_word' id='word_1_241' title='bbox 567 3735 822 3795; x_wconf 89' lang='lat' dir='ltr'>nullum</span> <span class='ocrx_word' id='word_1_242' title='bbox 855 3735 1062 3809; x_wconf 84' lang='lat' dir='ltr'>uxori,</span> <span class='ocrx_word' id='word_1_243' title='bbox 1097 3735 1328 3797; x_wconf 90' lang='lat' dir='ltr'>doctus</span> <span class='ocrx_word' id='word_1_244' title='bbox 1358 3738 1649 3815; x_wconf 86' lang='lat' dir='ltr'>spectare</span> <span class='ocrx_word' id='word_1_245' title='bbox 1678 3735 1966 3810; x_wconf 86' lang='lat' dir='ltr'>lacunar,</span> 
     </span>
    </p>
   </div>
   <div class='ocr_carea' id='block_1_3' title="bbox 2562 716 2650 775">
    <p class='ocr_par' dir='ltr' id='par_1_3' title="bbox 2562 716 2650 775">
     <span class='ocr_line' id='line_1_37' title="bbox 2562 716 2650 775; baseline 0 0"><span class='ocrx_word' id='word_1_246' title='bbox 2562 716 2650 775; x_wconf 82' lang='lat'>25</span> 
     </span>
    </p>
   </div>
   <div class='ocr_carea' id='block_1_4' title="bbox 2562 1207 2644 1266">
    <p class='ocr_par' dir='ltr' id='par_1_4' title="bbox 2562 1207 2644 1266">
     <span class='ocr_line' id='line_1_38' title="bbox 2562 1207 2644 1266; baseline -0.012 0"><span class='ocrx_word' id='word_1_247' title='bbox 2562 1207 2644 1266; x_wconf 85' lang='lat'>30</span> 
     </span>
    </p>
   </div>
   <div class='ocr_carea' id='block_1_5' title="bbox 2564 1696 2644 1753">
    <p class='ocr_par' dir='ltr' id='par_1_5' title="bbox 2564 1696 2644 1753">
     <span class='ocr_line' id='line_1_39' title="bbox 2564 1696 2644 1753; baseline 0 0"><span class='ocrx_word' id='word_1_248' title='bbox 2564 1696 2644 1753; x_wconf 84' lang='lat'>35</span> 
     </span>
    </p>
   </div>
   <div class='ocr_carea' id='block_1_6' title="bbox 2563 2178 2745 2241">
    <p class='ocr_par' dir='ltr' id='par_1_6' title="bbox 2563 2178 2745 2241">
     <span class='ocr_line' id='line_1_40' title="bbox 2563 2178 2745 2241; baseline 0.005 -1"><span class='ocrx_word' id='word_1_249' title='bbox 2563 2178 2745 2241; x_wconf 81' lang='lat'>40‘</span> 
     </span>
    </p>
   </div>
   <div class='ocr_carea' id='block_1_7' title="bbox 2564 3157 2645 3215">
    <p class='ocr_par' dir='ltr' id='par_1_7' title="bbox 2564 3157 2645 3215">
     <span class='ocr_line' id='line_1_41' title="bbox 2564 3157 2645 3215; baseline 0.012 -1"><span class='ocrx_word' id='word_1_250' title='bbox 2564 3157 2645 3215; x_wconf 85' lang='lat'>50</span> 
     </span>
    </p>
   </div>
   <div class='ocr_carea' id='block_1_8' title="bbox 2567 3650 2644 3708">
    <p class='ocr_par' dir='ltr' id='par_1_8' title="bbox 2567 3650 2644 3708">
     <span class='ocr_line' id='line_1_42' title="bbox 2567 3650 2644 3708; baseline 0.013 -1"><span class='ocrx_word' id='word_1_251' title='bbox 2567 3650 2644 3708; x_wconf 84' lang='lat'>55</span> 
     </span>
    </p>
   </div>
  </div>
 </body>
</html>
