2787 4328
363 284 453 354 46
1107 288 1169 334 D.
1221 288 1415 334 IVNII
1460 286 1841 334 IVVENALIS

368 440 584 502 mollia
613 440 722 520 qui
752 443 934 520 rapta
962 440 1163 501 secuit
1190 439 1493 519 genitalia
1517 444 1681 500 testa

368 539 492 598 iam
522 538 791 617 pridem,
826 538 929 598 cui
960 557 1147 598 rauca
1176 538 1420 610 cohors,
1455 537 1559 597 cui
1592 541 1895 617 tympana
1924 539 2183 610 cedunt,

369 636 609 715 plebeia
635 641 699 697 et
733 635 1008 715 Phrygia
1039 636 1306 696 vestitur
1335 636 1531 696 bucca
1564 635 1739 695 tiara.

367 733 604 812 grande
635 737 818 794 sonat
848 733 1172 812 metuique
1204 734 1379 793 iubet
1411 733 1782 811 septembris
1811 738 1875 793 et
1904 734 2102 793 austri

366 831 734 904 adventum,
770 831 891 892 nisi
921 851 984 892 se
1013 835 1271 892 centum
1302 831 1669 892 lustraverit
1697 833 1829 891 ovis

366 933 431 991 et
459 929 917 1009 xerampelinas
947 933 1184 990 veteres
1213 928 1544 990 donaverit
1573 928 1715 1008 ipsi,

368 1029 443 1087 ut
471 1026 787 1106 quidquid
818 1026 1010 1087 subiti
1041 1032 1105 1087 et
1134 1026 1352 1106 magni
1383 1025 1772 1087 discriminis
1801 1026 2019 1099 instat,

368 1123 436 1182 in
468 1123 714 1184 tunicas
742 1127 865 1194 eat,
901 1128 967 1183 et
997 1126 1206 1184 totum
1237 1122 1428 1183 semel
1460 1122 1673 1202 expiet
1700 1141 1966 1182 annum.

368 1219 708 1281 hibernum
738 1221 941 1281 fracta
970 1221 1170 1299 glacie
1202 1220 1542 1281 descendet
1569 1220 1639 1279 in
1669 1238 1944 1292 amnem,

369 1321 465 1378 ter
492 1317 812 1378 matutino
843 1317 1058 1377 Tiberi
1090 1321 1415 1395 mergetur
1444 1321 1509 1378 et
1537 1317 1689 1397 ipsis

370 1415 709 1477 verticibus
739 1415 1040 1475 timidum
1069 1419 1262 1495 caput
1293 1415 1530 1487 abluet,
1565 1415 1715 1475 inde
1744 1414 1998 1494 superbi

371 1516 580 1573 totum
609 1512 772 1592 regis
800 1532 1025 1591 agrum
1057 1513 1229 1574 nuda
1257 1532 1328 1573 ac
1358 1512 1766 1572 tremibunda
1795 1511 2079 1572 cruentis

368 1613 581 1690 erepet
609 1610 903 1689 genibus3
949 1609 999 1670 si
1032 1610 1302 1671 candida
1331 1609 1584 1671 iusserit
1612 1609 1705 1682 10,

369 1706 489 1768 ibit
516 1707 596 1768 ad
626 1707 903 1787 Aegypti
934 1707 1126 1768 finem
1155 1706 1487 1785 calidaque
1516 1706 1749 1785 petitas

369 1824 407 1864 a
436 1804 649 1865 Meroe
676 1804 957 1884 portabit
985 1824 1200 1883 aquas,
1236 1807 1311 1864 ut
1340 1808 1599 1883 spargat
1629 1804 1698 1863 in
1727 1804 1878 1865 aede

370 1900 579 1973 Isidis,
613 1901 877 1980 antiquo
907 1921 1065 1981 quae
1095 1901 1384 1980 proxima
1413 1901 1620 1980 surgit
1649 1900 1820 1962 ovili.

370 1997 573 2059 credit
600 1998 770 2059 enim
803 1997 1000 2078 ipsius
1028 1999 1323 2060 dominae
1351 2018 1415 2059 se
1446 2018 1593 2059 voce
1624 1998 1899 2059 moneri:

370 2115 450 2156 en
479 2095 756 2156 animam
786 2098 851 2155 et
879 2099 1157 2156 mentem
1187 2116 1335 2156 cum
1366 2116 1492 2176 qua
1521 2095 1586 2155 di
1617 2100 1802 2156 nocte
1831 2095 2198 2175 loquantur.

370 2213 518 2273 ergo
546 2194 651 2254 hic
680 2193 1094 2274 praecipuum
1125 2214 1576 2273 summumque
1606 2195 1890 2254 meretur
1917 2194 2244 2266 honorem,

372 2291 482 2369 qui
511 2310 700 2370 grege
729 2290 997 2369 linigero
1026 2291 1457 2351 circumdatus
1487 2294 1552 2352 et
1580 2311 1769 2370 grege
1798 2290 1975 2352 calvo

372 2388 735 2467 plangentis
763 2387 985 2468 populi
1014 2389 1215 2449 currit
1243 2388 1485 2449 derisor
1513 2388 1780 2448 Anubis

371 2484 478 2545 ille
506 2484 670 2564 petit
699 2485 969 2559 veniam,
1006 2485 1300 2565 quotiens
1327 2506 1455 2547 non
1489 2486 1763 2547 abstinet
1792 2505 1952 2546 uxor

373 2582 716 2643 concubitu
748 2583 938 2644 sacris
965 2583 1496 2663 observandisque
1527 2583 1752 2644 diebus

371 2699 727 2759 magnaque
756 2680 1023 2741 debetur
1051 2681 1287 2743 violato
1314 2701 1520 2761 poena
1547 2681 1819 2741 cadurco

373 2781 436 2838 et
465 2776 728 2838 movisse
758 2786 952 2857 caput
981 2779 1111 2839 visa
1139 2782 1233 2840 est
1261 2782 1561 2858 argentea
1590 2798 1872 2857 serpens;

373 2874 544 2936 illius
571 2874 865 2937 lacrimae
897 2876 1327 2956 meditataque
1356 2896 1686 2937 murmura
1714 2867 2036 2955 praestant

374 2975 448 3031 ut
478 2972 724 3032 veniam
755 2972 978 3053 culpae
1009 2993 1135 3034 non
1168 2975 1430 3047 abnuat,
1465 2993 1680 3034 ansere
1709 2992 1941 3051 magno

374 3069 613 3131 scilicet
642 3074 709 3130 et
739 3071 918 3131 tenui
948 3091 1198 3151 popano
1228 3075 1587 3152 corruptuS,
1626 3071 1843 3132 Osiris.

375 3187 521 3227 cum
551 3167 730 3228 dedit
758 3167 864 3228 ille
894 3168 1127 3243 locum,
1164 3169 1440 3249 cophino
1469 3170 1780 3248 faenoque
1810 3169 2029 3229 relicto

375 3282 665 3325 arcanam
695 3265 931 3327 Iudaea
963 3270 1235 3327 tremens
1264 3266 1588 3328 mendicat
1616 3266 1684 3327 in
1713 3286 1950 3338 aurem,

375 3361 687 3441 interpres
716 3362 928 3439 legum
961 3362 1359 3441 Solymarum
1390 3366 1455 3425 et
1484 3383 1715 3443 magna
1744 3363 2026 3424 sacerdos

374 3459 611 3519 arboris
640 3479 711 3519 ac
741 3458 975 3520 summi
1005 3460 1132 3520 fida
1161 3460 1564 3522 internuntia
1593 3460 1770 3522 caeli.

375 3555 600 3635 implet
629 3560 693 3616 et
721 3555 832 3616 illa
861 3577 1146 3629 manum,
1181 3560 1288 3618 sed
1322 3558 1599 3638 parcius3
1645 3578 1784 3640 aere
1814 3557 2065 3619 minuto

376 3652 861 3732 qualiacumque
892 3653 1060 3715 voles
1090 3655 1310 3717 Iudaei
1341 3656 1586 3718 somnia
1619 3657 1925 3718 vendunt.

377 3750 645 3828 spondet
672 3755 1021 3811 amatorem
1055 3755 1346 3813 tenerum
1376 3754 1476 3815 vel
1504 3752 1724 3815 divitis
1752 3753 1888 3814 orbi

2456 545 2578 602 515

2455 1020 2590 1090 520⁴

2455 1518 2574 1574 525

2457 2004 2575 2061 530

2459 2491 2577 2548 535

2460 2978 2579 3036 540

2460 3466 2579 3524 545
