2787 4328
381 257 466 341 76
1113 270 1175 316 n.
1228 270 1423 317 1vn11
1465 268 1849 317 IVVENALIS

379 445 547 487 unus
578 423 872 488 Pellaeo
855 422 1070 486 luveni
1099 441 1228 484 non
1259 422 1495 484 sufficit
1522 421 1713 494 orbis,

377 527 627 586 aestuat
653 521 878 583 infelix
906 524 1238 601 angusto
1207 520 1415 581 limite
1445 519 1671 580 mundi

382 626 454 682 ut
483 620 671 701 Gyari
704 620 952 681 clausus
981 586 1253 698 scopulis
1283 636 1601 698 parvaque
1633 616 1931 697 Ser'sph03

379 740 522 780 cum
559 722 768 780 tamen
798 737 836 778 a
865 715 1076 795 figulis
1106 715 1425 777 munitam
1457 715 1792 776 intraverit
1822 715 2064 788 urbem,

379 817 761 897 sarcophago
790 818 1128 876 contentus
1156 813 1296 874 erit.
1390 833 1560 874 mors
1588 814 1720 875 sola
1748 814 1989 875 fatetur

380 915 690 994 quantula
716 913 847 975 sint
879 911 1210 973 hominum
1242 912 1637 990 corpuscula.
1726 910 2010 973 c'reditur
2036 910 2190 971 olim

382 1012 725 1074 velificatus
756 1009 960 1071 Athos
989 1015 1053 1069 et
1085 1008 1399 1089 quidquid
1432 1009 1696 1071 Graecia
1722 996 1995 1071 mendax

327 1116 334 1135 ¹
377 1085 614 1173 audet
599 1130 666 1170 1n
696 1108 978 1182 historia,
1014 1110 1410 1168 constratum
1447 1107 1748 1169 classibus
1776 1106 1975 1167 isdem
2012 1114 2067 1151 β
2152 1156 2159 1161 .
2200 1108 2211 1119 '

378 1206 902 1288 suppositumque
931 1208 1085 1268 rotis
1114 1206 1389 1268 solidum
1419 1226 1613 1279 mare,
1647 1204 1965 1266 credimus
1992 1204 2152 1265 altos

379 1305 675 1367 defecisse
703 1324 919 1367 amnes
946 1308 1257 1385 epotaque
1286 1305 1555 1366 fiumina
1587 1304 1773 1365 Medo

379 1403 730 1484 prandente
760 1406 825 1464 et
852 1402 1124 1464 madidis
1152 1405 1372 1464 cantat
1401 1421 1560 1482 quae
1592 1401 1913 1463 Sostratus
1939 1399 2085 1475 alis3

378 1501 485 1563 ille
515 1504 730 1564 tamen
763 1500 965 1583 qualis
993 1500 1183 1562 rediit
1214 1499 1534 1562 Salamine
1564 1498 1803 1572 relicta,
1838 1544 1877 1573 .,,

378 1599 446 1660 in
475 1618 695 1662 corum
724 1602 913 1679 atque
941 1617 1167 1660 eurum
1198 1596 1422 1660 soli‘tus
1444 1596 1680 1659 saevire
1710 1596 1975 1676 flagellis

377 1697 679 1759 barbarus
710 1695 927 1758 Aeolio
958 1715 1309 1776 numquam
1337 1695 1460 1756 hoc
1489 1695 1553 1755 in
1587 1714 1832 1788 carcere
1861 1713 2091 1774 passos,

378 1793 584 1874 ipsum
618 1793 1007 1874 conpedibus
1037 1793 1146 1873 qui
1177 1792 1471 1854 vinxerat
1500 1792 2057 1872 Ennosigaeum—-

379 1891 600 1952 mitius
628 1891 694 1952 id
717 1910 890 1963 sane,
926 1892 1097 1971 quod
1126 1910 1257 1952 non
1286 1894 1350 1952 et
1380 1889 1680 1979 stigmate
1709 1890 1981 1969 dignum
2028 1912 2045 1941 ς

378 1987 678 2064 credidit3
722 1988 873 2050 huic
903 1988 1237 2069 quisquam
1268 1989 1459 2050 vellet
1488 1987 1719 2050 servire
1749 1988 2013 2049 deorum
2033 1987 2064 2047 ‘t‘

379 2086 486 2148 sed
518 2086 718 2168 qualis
749 2086 986 2149 rediit?
1068 2097 1298 2168 nempe
1331 2106 1459 2148 una
1486 2105 1666 2160 nave,
1702 2084 1984 2147 cruentis

378 2185 677 2246 fluctibus
704 2205 775 2247 ac
810 2186 986 2247 tarda
1014 2205 1127 2266 per
1155 2186 1350 2247 densa
1377 2185 1680 2246 cadavera
1707 2191 1915 2265 prora.

379 2282 493 2345 has
521 2283 770 2372 t9tiensl
782 2285 999 2364 optata
1026 2283 1238 2364 egregit
1265 2283 1481 2363 gloriah
1498 2302 1751 2363 poenas·

464 2379 482 2409 ‘
503 2381 585 2442 da
612 2380 889 2461 spatium
919 2380 1104 2454 vitae,
1138 2380 1376 2442 multos
1405 2381 1506 2454 da,
1542 2379 1859 2460 Iuppiter,
1891 2378 2132 2442 annos’

380 2478 499 2540 hoc
526 2482 698 2540 recto
731 2477 934 2553 vultu,
969 2478 1175 2540 solum
1204 2477 1324 2539 hoc
1353 2481 1419 2540 et
1448 2477 1727 2558 pallidus
1755 2481 1956 2557 optas.

379 2575 486 2639 sed
516 2596 708 2657 quam
738 2575 1059 2658 coptinuis
1086 2579 1151 2637 et
1181 2575 1440 2656 quantis
1469 2574 1660 2655 longa
1688 2578 1976 2637 senectus

379 2672 568 2754 plena
595 2673 795 2735 malis.
886 2669 1237 2736 deformem
1266 2679 1331 2734 et
1359 2676 1640 2735 taetrum
1670 2675 1821 2734 ante
1851 2671 2065 2733 omnia
2091 2671 2345 2733 vultum

379 2770 874 2850 dissimilemque
904 2771 1024 2843 sui,
1059 2770 1412 2833 deformem
1442 2789 1558 2850 pro
1586 2773 1734 2832 cute
1763 2769 1994 2850 pellem

380 2868 839 2948 pendentisque
867 2887 1059 2948 genas
1086 2871 1151 2930 et
1179 2867 1324 2929 talis
1352 2867 1559 2948 aspice
1576 2870 1776 2954 ‘rugas

381 2966 613 3046 quales,
648 2965 1027 3027 umbriferos
1055 2965 1167 3027 ubi
1196 2964 1424 3045 pandit
1454 2964 1783 3026 Thabraca
1813 2965 2030 3037 saltus,

379 3062 446 3124 in
477 3063 692 3125 vetula
720 3062 945 3143 scalpit
973 3063 1099 3124 iam
1129 3067 1332 3125 mater
1360 3062 1545 3124 simia
1572 3047 1791 3124 bucca'.

379 3160 655 3241 plurima
684 3163 837 3222 suut
864 3160 1167 3223 iuvenum
1197 3160 1589 3234 discrimina,
1625 3159 1956 3240 pulchrior
1982 3159 2090 3222 ille

379 3259 498 3320 hoc
527 3262 717 3339 atque
746 3258 852 3320 ille
882 3259 1027 3334 alio,
1061 3260 1342 3320 multum
1371 3258 1478 3320 hic
1509 3258 1825 3319 robustior
1853 3257 1990 3318 illo:

379 3376 508 3418 uua
537 3376 759 3418 senum
789 3357 999 3419 facies.
1088 3377 1235 3419 cum
1265 3376 1416 3419 voce
1444 3355 1786 3418 trementia
1816 3354 2098 3417 membra

380 3456 444 3516 et
472 3454 598 3515 iarn
627 3454 761 3516 leve
791 3458 983 3534 caput
1012 3454 1376 3535 madidique
1405 3453 1682 3515 infantia
1712 3451 1871 3526 nasi,

379 3552 774 3631 frangendus
802 3551 1027 3614 misero
1056 3551 1313 3632 gingiva
1341 3550 1523 3632 panis
1552 3549 1811 3626 inermi3

380 3669 580 3740 usque
608 3650 764 3711 adeo
791 3648 1001 3730 gravis
1029 3649 1213 3711 uxori
1245 3649 1534 3729 natisque
1565 3647 1831 3728 sibique,

381 3750 458 3808 ut
484 3745 795 3828 captatori
822 3748 1073 3809 moveat
1098 3745 1358 3810 fastidia
1386 3745 1597 3807 Cosso.

2465 620 2590 679 170
2772 602 2782 1041 ἦ

2466 1108 2587 1168 175

2467 1597 2584 1657 180

2466 2087 2582 2147 185

2468 2578 2586 2636 190

2467 3065 2585 3124 195
2738 3050 2780 3158 1

2467 3553 2588 3612 200
