2787 4328
1054 263 1323 309 SATVRA
1369 264 1428 309 11

127 414 488 495 loripedem
517 417 740 477 rectus
771 414 1087 490 derideat,
1125 414 1521 496 Aethiopem
1549 414 1754 479 albus.

125 514 266 595 quis
296 512 533 574 tulerit
568 512 893 575 Gracchos
923 512 1002 574 de
1032 512 1348 574 seditione
1381 519 1724 593 querentes
1749 515 1779 577 Ρ

101 613 267 693 ·quis
299 612 559 674 caelum
589 610 779 672 terris
809 630 940 672 non
971 610 1239 672 misceat
1269 618 1336 672 et
1365 631 1540 673 mare
1571 613 1769 686 cae10,

122 710 174 771 si
204 711 315 771 fur
346 708 695 790 displiceat
727 701 939 782 Verri,
975 707 1303 770 homicida
1335 708 1590 784 Miloni,

123 808 396 871 Clodius
428 814 690 872 accuset
721 809 1043 883 moechoS,
1081 808 1365 871 Catilina
1397 809 1781 890 Cethegum,

118 905 189 967 in
219 907 523 969 tabulam
557 906 771 969 Sullae
805 906 857 968 si
891 906 1116 968 dicant
1148 906 1454 988 discipuli
1483 911 1615 969 tres
1643 905 1707 968 ?’

120 1005 334 1085 qualis
367 1008 508 1067 erat
538 1024 748 1086 nuper
778 1004 1027 1085 tragico
1059 1005 1354 1085 pollutus
1383 1004 1642 1066 adulter

120 1103 508 1178 concubitu,
544 1103 657 1184 qui
687 1108 848 1165 tunc
879 1104 1054 1185 leges
1085 1103 1428 1166 revocabat
1458 1123 1705 1165 amaras

119 1201 431 1263 omnibus
460 1205 656 1282 atque
685 1201 841 1282 ipsis
872 1201 1114 1263 Veneri
1149 1200 1475 1282 Martique
1504 1200 1849 1280 timendas,

118 1316 273 1360 cum
304 1302 412 1360 tot
442 1298 750 1360 abortivis
782 1299 1134 1361 fecundam
1166 1298 1335 1359 Iulia
1363 1299 1626 1360 vulvam

117 1396 404 1458 solveret
434 1400 500 1457 et
529 1399 764 1477 patruo
795 1396 1036 1458 similes
1067 1396 1434 1458 effunderet
1464 1396 1641 1457 offae.

116 1512 342 1555 nonne
372 1493 578 1574 igitur
605 1492 745 1555 iure
775 1513 848 1556 ac
879 1494 1113 1555 merito
1144 1493 1305 1555 vitia
1334 1493 1570 1555 ultima
1599 1493 1783 1555 fictos

118 1595 561 1653 contemnunt
593 1589 864 1653 Scauros
894 1595 961 1653 et
992 1591 1308 1672 castigata
1331 1591 1705 1652 remordent
1737 1590 1766 1652 Ρ

196 1708 338 1750 non
368 1687 527 1750 tulit
557 1707 635 1750 ex
663 1688 790 1749 illis
819 1691 1081 1750 torvum
1112 1688 1388 1750 Laronia
1420 1687 1743 1769 quendam

119 1786 516 1848 clamantem
545 1786 788 1847 totiens
824 1791 843 1819 ‘
862 1785 974 1847 ubi
1003 1805 1179 1848 nunc
1208 1786 1313 1847 lex
1344 1785 1515 1847 Iulia
1541 1785 1569 1848 Ρ
1650 1785 1892 1847 dormis
1918 1783 1986 1848 θ’

14 1871 21 1924 Ῑ“
119 1888 319 1964 atque
348 1883 444 1944 ita
474 1882 850 1944 subridens:
900 1888 919 1916 ‘
938 1883 1155 1944 felicia
1184 1889 1500 1964 tempora,
1537 1902 1700 1964 quae
1729 1888 1795 1944 te

118 1981 411 2043 moribus
442 1986 805 2061 opponunt.
896 1980 1132 2042 habeat
1161 1980 1292 2042 iam
1325 1981 1527 2042 Roma
1555 1980 1891 2061 pudorem,

116 2078 358 2140 tertius
389 2098 423 2140 e
454 2078 632 2139 caelo
664 2078 900 2140 cecidit
933 2077 1114 2139 Cat0.
1209 2078 1317 2139 sed
1349 2082 1570 2140 tamen
1599 2078 1771 2138 unde

114 2177 279 2239 haec
311 2177 491 2251 emis,
527 2176 780 2238 hirsuto
809 2176 1058 2257 spirant
1085 2177 1495 2257 opobalsama
1523 2176 1689 2238 collo

101 2294 284 2356 ⁸quae
315 2274 436 2336 tibi
470 2274 500 2336 Ρ
582 2293 663 2335 ne
691 2275 937 2354 pudeat
967 2273 1305 2336 dominum
1338 2278 1697 2336 monstrare
1729 2244 2052 2350 tabernae.

113 2373 295 2455 quod
325 2373 376 2435 si
409 2376 729 2434 vexantur
756 2372 930 2453 leges
959 2392 1032 2433 ac
1061 2371 1227 2445 iura,
1263 2371 1451 2433 citari

114 2475 269 2533 ante
301 2489 524 2533 omnes
555 2469 746 2530 debet
779 2467 1132 2530 Scantinia.
1223 2469 1468 2549 respice
1500 2468 1784 2550 primum

8 2620 10 2659 ;
115 2573 185 2630 et
214 2571 505 2631 scrutare
534 2567 722 2629 viros.
815 2566 1071 2628 faciunt
1100 2566 1169 2627 hi
1199 2566 1408 2647 plura,
1444 2567 1556 2628 sed
1585 2566 1729 2628 illos

7 2666 11 2680 ⁴
70 2705 80 2713 -
114 2665 417 2727 defendit
448 2684 760 2726 numerus
790 2663 1182 2745 iunctaeque
1214 2664 1495 2725 umbone
1526 2664 1893 2745 phalanges

113 2781 352 2843 magna
379 2763 554 2824 inter
584 2762 808 2823 molles
839 2761 1202 2823 concordia.
1295 2782 1428 2823 non
1459 2761 1581 2823 erit
1612 2761 1821 2823 ullum

113 2860 486 2941 exemplum
515 2860 584 2921 in
613 2864 837 2921 nostro
865 2863 1004 2921 tam
1033 2859 1414 2922 detestabile
1444 2880 1617 2922 sexti.

114 2957 329 3019 Mevia
357 2977 491 3019 non
518 2957 748 3019 lambit
781 2956 1079 3019 Cluviam
1110 2976 1228 3020 nec
1259 2957 1453 3020 Flora
1484 2956 1808 3020 Catullam
1835 2978 1850 3020 ε

114 3054 327 3136 Hispo
357 3055 533 3117 subit
561 3055 826 3118 iuvenes
855 3060 922 3117 et
951 3056 1175 3117 morbo
1204 3056 1407 3137 pallet
1438 3061 1734 3137 utroque.

110 3153 439 3233 numquid
467 3172 585 3215 nos
615 3153 868 3234 agimus
899 3172 1144 3228 causaS,
1181 3152 1396 3215 civilia
1427 3153 1569 3216 iura

110 3250 413 3312 novimus
442 3254 560 3312 aut
587 3251 723 3312 ullo
754 3250 1034 3332 strepitu
1062 3251 1206 3313 fora
1234 3256 1447 3314 vestra
1476 3272 1806 3315 movemus
1836 3251 1866 3316 Ρ

110 3348 454 3410 luctantur
484 3368 749 3429 paucae,
787 3348 1140 3411 comedunt
1170 3349 1471 3430 colyphia
1499 3370 1764 3431 paucae.

109 3466 224 3509 vos
252 3447 472 3509 lanam
501 3446 764 3508 trahitis
796 3446 1197 3528 calathisque
1226 3451 1489 3527 peracta
1518 3447 1775 3509 refertis

107 3547 370 3620 vellera,
407 3565 520 3608 vos
550 3546 735 3607 tenui
765 3551 1233 3628 praegnantem
1264 3546 1541 3608 stamine
1570 3548 1794 3608 fusum
1854 3534 1858 3538 ’

109 3645 437 3725 Penelope
467 3643 721 3718 melius,
755 3643 962 3705 levius
991 3644 1310 3725 torquetis
1342 3644 1666 3717 Arachne,

105 3741 377 3805 horrida
405 3740 595 3822 quale
622 3739 788 3802 facit
816 3740 1102 3803 residens
1131 3740 1201 3801 in
1231 3741 1453 3803 codice
1482 3741 1730 3822 paelex.

2262 618 2340 678 25

2239 1088 2338 1168 '30

2253 1594 2333 1654 35

2249 2084 2331 2142 40

2242 3062 2322 3121 50

2238 3552 2315 3611 55
