2787 4328
392 311 468 389 58
1120 323 1186 368 D.
1235 322 1431 370 IVNII
1475 321 1859 369 IVVENAms

387 479 461 536 ut
488 474 540 537 si
569 474 713 555 quis
739 494 881 538 cera
907 474 1153 538 voltum
1182 474 1369 550 facit3
1414 472 1648 554 exigite
1676 476 1753 536 ut
1780 472 1865 535 sit

384 576 448 635 et
476 577 659 653 pater
686 572 887 653 ipsius
913 577 1150 646 coetus,
1186 592 1265 634 ne
1294 570 1513 652 turpia
1538 570 1791 645 ludant,

384 690 464 732 ne
494 670 734 732 faciant
761 670 1032 745 vicibus3
1078 690 1207 732 non
1236 673 1332 732 est
1360 670 1500 731 leve
1527 671 1626 730 tot
1653 689 1997 750 puerorum
2472 672 2599 729 240

383 768 707 830 observare
736 788 962 830 manus
991 767 1330 847 oculosque
1357 769 1427 828 in
1457 768 1582 828 fine
1615 766 1966 828 trementis.

388 865 580 927 ‘haec
601 867 618 894 '
651 865 865 946 inquit
898 866 915 895 ‘
935 886 1138 940 curas,
1172 869 1237 927 et
1266 885 1415 926 cum
1443 885 1507 926 se
1537 864 1798 927 verterit
1826 884 2054 938 annus,

383 964 617 1043 accipe,
650 963 875 1025 victori
903 963 1179 1044 populus
1208 963 1380 1044 quod
1408 962 1710 1043 postulat,
1745 961 2026 1023 aurum.'

1245 1203 1544 1257 SATVRA
1588 1202 1731 1254 VIII

385 1351 735 1415 Stemmata
763 1351 920 1432 quid
947 1351 1247 1414 faciunt?
1331 1351 1487 1431 quid
1516 1351 1799 1432 prodest,
1835 1349 2122 1424 Pontice,
2156 1350 2350 1430 longo

382 1450 689 1528 sanguine
717 1448 978 1524 censeri,
1010 1449 1214 1529 pictos
1242 1449 1571 1511 ostendere
1599 1447 1819 1510 vultus

382 1547 696 1608 maiorum
724 1549 789 1608 et
818 1547 1045 1608 stantis
1074 1546 1140 1607 in
1171 1546 1463 1608 curribus
1491 1545 1885 1608 Aemilianos

382 1647 447 1705 et
477 1644 703 1706 Ourios
730 1644 856 1705 iam
885 1643 1186 1715 dimidios
1213 1662 1592 1723 umerosque
1623 1643 1938 1705 minorem
2210 1704 2247 1731 ,-

385 1741 731 1803 Corvinum
761 1745 829 1803 et
859 1741 1125 1804 Galbam
1153 1741 1458 1803 auriculis
1487 1760 1762 1822 nasoque
1790 1744 2110 1802 carentem
2131 1742 2161 1801 ¹?
2256 1746 2264 1753 '
2555 1746 2596 1804 5

384 1838 526 1918 quis
551 1839 803 1901 fructus
830 1839 1079 1920 generis
1107 1839 1325 1901 tabula
1351 1838 1585 1901 iactare
1615 1838 1831 1919 capaci

385 1935 754 2011 Corvinum,
788 1937 1051 2018 posthac
1078 1937 1286 1998 multa
1313 1936 1685 2016 contingere
1714 1936 1891 2016 virga

381 2034 662 2095 fumosos
688 2034 980 2114 equitum
1009 2054 1156 2096 cum
1186 2035 1495 2096 dictatore
1523 2034 1879 2114 magistros,

382 2131 434 2194 si
464 2151 673 2194 coram
704 2131 963 2214 Lepidis
992 2133 1156 2195 male
1185 2132 1426 2195 vivitur
1443 2133 1474 2193 ’Β
1554 2131 1791 2212 effigies
1819 2151 1947 2213 quo
2071 2175 2079 2179 -

381 2233 480 2292 tot
507 2231 910 2306 bellatorum,
943 2231 996 2293 si
1025 2231 1274 2293 luditur
1302 2232 1438 2293 alea
1466 2251 1709 2312 pernox
2512 2235 2595 2295 10

381 2332 530 2391 ante
559 2328 1015 2403 Numantinos,
1049 2328 1102 2391 si
1132 2329 1409 2391 dormire
1439 2329 1668 2410 incipis
1696 2332 1842 2390 ortu

382 2425 656 2500 luciferi,
693 2446 821 2506 quo
848 2426 1029 2507 signa
1057 2427 1248 2489 duces
1277 2430 1344 2488 et
1372 2430 1577 2488 castra
1604 2426 1993 2488 movebant?

381 2543 496 2585 cur
524 2522 948 2604 Allobrogicis
974 2528 1041 2586 et
1068 2544 1300 2605 magna
1327 2524 1606 2604 gaudeat
1632 2544 1741 2586 ara

383 2624 570 2683 natus
598 2622 666 2682 in
697 2621 1017 2684 Herculeo
1045 2621 1281 2683 Fabius
1308 2621 1460 2696 lare,
1494 2620 1546 2683 si
1577 2620 1869 2702 cupidus,
1903 2619 1957 2682 si

381 2739 580 2781 vanus
606 2722 671 2781 et
701 2719 1006 2799 Euganea
1034 2720 1445 2801 quantumvis
1474 2719 1729 2781 mollior
1755 2739 1940 2800 agna,
2509 2725 2591 2785 15

381 2815 432 2877 si
464 2820 757 2877 tenerum
784 2816 1048 2878 attritus
1078 2815 1405 2878 Catinensi
1436 2816 1690 2898 pumice
1720 2816 2016 2877 lumbum

243 2917 298 2978 “,
381 2913 732 2994 squalentis
755 2913 1037 2975 traducit
1065 2934 1214 2976 avos
1242 2918 1617 2995 emptorque
1647 2912 1873 2975 veneni

378 3011 733 3091 frangenda
762 3011 1054 3073 miseram
1083 3013 1370 3073 funestat
1400 3010 1679 3091 imagine
1707 3014 1966 3090 gentem
1986 3012 2019 3072 ?

379 3112 516 3186 tota
542 3108 695 3170 licet
720 3113 961 3171 veteres
988 3113 1297 3172 exornent
1327 3109 1613 3189 undique
1640 3128 1816 3171 cerae

379 3206 561 3280 atria,
595 3206 893 3269 nobilitas
921 3206 1054 3269 sola
1079 3210 1175 3269 est
1201 3212 1393 3288 atque
1421 3206 1614 3268 unica
1640 3206 1862 3269 virtus.
1929 3269 1939 3275 ,
2508 3211 2591 3270 20

381 3304 618 3366 Paulus
647 3304 745 3367 vel
777 3303 1003 3366 Cossus
1032 3305 1129 3366 vel
1159 3304 1410 3366 Drusus
1437 3304 1723 3367 moribus
1750 3306 1904 3380 esto,

378 3401 493 3463 hos
521 3405 670 3464 ante
697 3401 933 3482 effigies
961 3401 1276 3465 maiorum
1303 3422 1472 3483 pone
1501 3411 1783 3476 tuorum,

378 3501 758 3577 praecedant
787 3500 952 3579 ipsas
979 3500 1076 3563 illi
1106 3505 1169 3564 te
1197 3501 1455 3563 consule
1484 3500 1714 3581 virgas.

378 3597 586 3677 prima
614 3597 773 3659 mihi
807 3598 993 3659 debes
1020 3598 1219 3659 animi
1248 3599 1435 3660 bona.
1523 3600 1779 3659 sanctus
1805 3595 2026 3659 haberi

379 3692 784 3774 iustitiaeque
818 3698 1003 3754 tenax
1032 3693 1222 3756 factis
1249 3694 1564 3774 dictisque
1593 3694 1854 3755 mereris
1872 3697 1902 3755 P
2509 3700 2591 3760 25

378 3809 648 3867 agnosco
676 3809 1029 3871 procerem;
1072 3790 1239 3853 salve
1270 3790 1619 3865 Gaetulice,
1654 3811 1761 3852 seu
1792 3794 1866 3852 tu
2234 3780 2238 3784 ⁴
