2787 4328
392 235 436 294 4
1119 224 1185 269 D.
1236 223 1434 271 IVNII
1478 222 1866 268 IVVENALIS

396 374 732 454 armigero.
825 374 1179 462 simplexne
1207 375 1393 436 furor
1422 374 1719 437 sestertia
1746 378 2014 436 centum
2072 384 2084 396 ·

396 473 662 554 perdere
693 475 760 533 et
787 471 1081 534 horrenti
1110 472 1404 534 tunicam
1432 492 1566 534 non
1595 472 1864 533 reddere
1895 491 2077 534 servo
2106 472 2134 534 Ρ

398 572 542 653 quis
570 570 847 631 totidem
878 570 1082 631 erexit
1111 570 1316 644 villas,
1352 570 1497 651 quis
1526 570 1777 631 fercula
1806 574 2056 651 septem

399 673 644 732 secreto
676 668 932 730 cenavit
962 688 1117 730 avus
1146 667 1174 730 ?
1253 687 1431 729 nunc
1460 668 1752 748 sportula
1779 668 1992 749 primo

398 768 622 829 limine
652 787 849 849 parva
878 768 1059 829 sedet
1087 767 1316 828 turbae
1346 766 1657 846 rapienda
1685 770 1965 846 togatae.

400 866 508 927 ille
536 870 756 927 tamen
786 865 1022 926 faciem
1050 864 1233 945 prius
1260 863 1527 943 inspicit
1556 867 1622 925 et
1650 863 1938 945 trepidat
1966 882 2049 924 ne

401 963 773 1043 suppositus
805 962 1021 1023 venias
1051 980 1123 1022 ac
1152 961 1318 1022 falso
1348 961 1610 1022 nomine
1639 980 1864 1042 poscas
1891 982 1905 1021 :

401 1061 663 1141 agnitus
691 1060 986 1140 accipies.
1077 1059 1259 1120 iubet
1289 1079 1326 1120 a
1354 1078 1670 1139 praecone
1700 1058 1914 1120 vocari

401 1158 573 1238 ipsos
603 1157 1025 1237 TroiugenaS,
1060 1176 1211 1218 nam
1241 1160 1479 1218 vexant
1507 1156 1709 1217 limen
1739 1160 1805 1218 et
1834 1156 1957 1237 ipsi

402 1254 759 1317 nobiscum.
855 1260 873 1287 ‘
895 1255 977 1315 da
1003 1254 1310 1334 praetori,
1346 1254 1429 1315 da
1458 1254 1692 1315 deinde
1723 1252 2037 1315 tribuno.'

403 1352 515 1415 sed
541 1352 885 1413 libertinus
915 1351 1092 1432 prior
1122 1359 1240 1412 est.
1336 1356 1355 1383 ‘
1375 1351 1552 1431 prior
1570 1350 1589 1377 ³
1618 1350 1836 1431 inquit
1870 1356 2023 1431 ‘ego
2053 1351 2302 1412 adsum.
2377 1368 2392 1375 ·

404 1470 520 1513 cur
548 1450 812 1512 timeam
844 1449 1216 1511 dubitemve
1247 1450 1465 1511 locum
1497 1449 1867 1523 defendere,
1904 1448 2196 1529 quamvis

404 1552 598 1609 natus
626 1548 709 1609 ad
738 1545 1145 1627 Euphraten,
1180 1546 1406 1607 molles
1437 1547 1611 1627 quod
1641 1546 1709 1607 in
1740 1566 1895 1607 aure
1924 1546 2244 1607 fenestrae

403 1646 759 1727 arguerint,
792 1645 948 1706 licet
979 1644 1113 1724 ipse
1143 1663 1374 1724 negem
1403 1643 1431 1705 Ρ
1512 1645 1625 1705 sed
1655 1644 1942 1724 quinque
1972 1643 2276 1705 tabernae

405 1743 882 1824 quadringenta
910 1745 1162 1822 parant.
1254 1741 1414 1821 quid
1444 1742 1700 1803 confert
1729 1761 2018 1821 purpura
2039 1739 2251 1801 -maior

406 1841 787 1920 optandum,
824 1839 876 1900 si
908 1838 1220 1900 Laurenti
1252 1838 1540 1900 custodit
1572 1838 1638 1899 in
1669 1858 1823 1919 agro

407 1938 760 1999 conductas
793 1936 1109 1998 Corvinus
1140 1955 1308 2009 oveS,
1344 1956 1463 2015 ego
1493 1936 1788 2015 possideo
1817 1937 1963 2016 plus

409 2034 701 2096 Pallante
731 2038 797 2095 et
829 2033 1071 2095 Licinis
1104 2033 1170 2095 ?’
1252 2037 1599 2113 expectent
1629 2053 1780 2114 ergo
1813 2033 2082 2106 tribuni,

406 2132 671 2194 vineant
702 2130 989 2205 divitiae,
1025 2150 1204 2193 sacro
1233 2150 1315 2192 ne
1346 2131 1534 2192 cedat
1564 2131 1794 2193 honori

407 2249 615 2310 nuper
642 2229 711 2290 in
740 2229 907 2291 hanc
938 2228 1164 2290 urbem
1192 2229 1467 2309 pedibus
1497 2229 1608 2309 qui
1639 2234 1902 2291 venerat
1933 2229 2114 2302 albis,

408 2327 931 2407 quandoquidem
955 2326 1126 2387 inter
1148 2346 1266 2388 nos
1296 2326 1703 2387 sanctissima
1731 2326 2108 2388 divitiarum

409 2424 727 2497 maiestas,
763 2423 884 2486 etsi
914 2423 1177 2484 funesta
1205 2424 1484 2504 pecunia
1512 2424 1757 2504 templo
1872 2412 1894 2419 ”
1923 2410 1926 2413 “

407 2521 700 2607 nondum
728 2520 1003 2595 habitat,
1039 2520 1251 2582 nullas
1280 2541 1699 2582 nummorum
1729 2521 2050 2583 ereximus
2079 2540 2241 2594 aras,

409 2625 485 2681 ut
514 2619 752 2681 colitur
782 2619 914 2679 Pax
945 2622 1139 2699 atque
1170 2618 1363 2680 Fides
1395 2619 1689 2681 Victoria
1718 2620 1948 2681 Virtus

409 2736 700 2798 quaeque
732 2716 1014 2778 salutato
1047 2716 1325 2796 crepitat
1359 2716 1721 2778 Concordia
1748 2717 1923 2778 nido.

409 2815 519 2876 sed
550 2834 699 2876 cum
723 2833 1012 2893 summus
1042 2813 1249 2875 honor
1278 2813 1467 2875 finito
1491 2818 1807 2895 conputet
1837 2834 2030 2887 anno,
2073 2848 2142 2883 ,ῃ

408 2912 699 2992 sportula
726 2911 884 2992 quid
913 2911 1175 2985 reserat,
1212 2915 1533 2992 quantum
1564 2912 1926 2989 rationibus
1955 2913 2175 2987 addat,

409 3008 566 3089 quid
595 3008 839 3070 facient
869 3009 1136 3070 comites
1166 3009 1402 3089 quibus
1431 3008 1584 3071 hinc
1614 3013 1790 3090 toga,
1825 3009 2077 3089 calceus
2106 3009 2260 3071 hinc
2291 3014 2392 3072 est

408 3110 475 3168 et
502 3107 687 3190 panis
715 3106 1065 3191 sumusque
1097 3107 1271 3168 domi
1300 3106 1328 3169 Ρ
1412 3107 1791 3168 densissima
1815 3110 2078 3168 centum

409 3204 799 3284 quadrantes
827 3203 1059 3265 lectica
1088 3204 1278 3284 petit,
1314 3205 1737 3285 sequiturque
1769 3204 2077 3265 maritum

407 3302 717 3382 languida
745 3300 846 3363 vel
869 3320 1182 3382 praegnas
1212 3305 1279 3363 et
1308 3302 1823 3363 circumducitur
1855 3304 2034 3363 uxor'.

407 3399 513 3461 hic
543 3400 711 3480 petit
743 3399 994 3461 absenti
1023 3404 1181 3461 nota
1209 3399 1338 3461 iam
1370 3399 1644 3461 callidus
1676 3402 1814 3460 arte

408 3498 754 3559 ostendens
784 3516 1053 3558 vacuam
1083 3501 1149 3558 et
1180 3498 1464 3559 clausam
1493 3517 1610 3578 pro
1644 3497 1919 3577 coniuge
1950 3495 2192 3557 sellam.

411 3600 432 3629 ‘
457 3595 641 3657 Galla
670 3614 812 3656 mea
842 3597 939 3656 est
961 3593 980 3620 ’
1008 3593 1226 3674 inquit
1261 3594 1490 3656 ‘citius
1522 3594 1799 3655 dimitte.
1895 3593 2162 3655 moraris
2195 3592 2224 3659 Ρ

406 3693 647 3774 profer,
685 3692 889 3766 Galla,
925 3695 1143 3771 caput.
1231 3691 1365 3754 noli
1396 3710 1647 3766 vexare,
1682 3690 2022 3772 quiescet.’

1477 4006 1490 4047 ζ
1837 3998 2112 4041 - ..-

1493 4190 1542 4295 1Δ
1721 4268 2112 4301 ,111

2532 671 2619 730 95

2488 1118 2610 1217 100

2488 1647 2608 1705 105

2487 2131 2613 2191 110

2489 2623 2610 2682 115

2491 3068 2652 3172 120
2709 3162 2714 3165 ,

2497 3599 2614 3661 125

2719 517 2745 686 Qu
2737 399 2744 500 1-14,

2717 763 2746 890 ῥίς
