2787 4328
445 289 525 355 32
1175 288 1240 333 D.
1290 288 1487 334 IVNII
1530 263 1914 334 IVVEuAms

441 443 861 505 chironomon
892 438 1137 501 Ledam
1164 439 1344 501 molli
1374 440 1653 502 saltante
1683 439 1987 521 Bathyllo

442 539 685 602 Tuccia
714 537 958 600 vesicae
988 556 1120 597 non
1148 537 1448 617 imperat,
1483 537 1702 618 Apula
1731 539 1962 618 gannit

440 639 610 701 sicut
641 638 710 698 in
738 636 1039 716 amplexu
1071 635 1285 696 subito
1316 640 1383 696 et
1414 635 1775 696 miserabile
1802 637 2096 717 longum,

439 735 724 798 attendit
754 733 1100 814 Thymele;
1144 732 1456 812 Thymele
1486 738 1647 795 tunc
1676 734 1919 796 rustica
1948 734 2159 798 discit.

440 838 539 896 ast
568 833 752 906 aliae,
787 830 1085 912 quotiens
1114 830 1339 891 aulaea
1368 830 1705 892 recondita
1744 835 1997 893 cessant

440 936 506 993 et
534 950 737 993 vacuo
769 930 1077 1009 clusoque
1107 933 1342 990 sonant
1372 929 1516 990 fora
1547 929 1681 990 sola
1709 929 2050 991 theatro—

439 1034 633 1110 atque
663 1049 701 1090 a
728 1027 971 1109 plebeis
1000 1026 1193 1107 longe
1226 1026 1875 1106 Megalesia—tristes

438 1146 778 1208 personam
806 1125 1232 1205 thyrsumque
1263 1128 1494 1186 tenent
1524 1129 1590 1186 et
1634 1124 1919 1204 subligar
1947 1124 2128 1187 Acci.

440 1225 717 1285 Vrbicus
748 1223 975 1285 exodio
1004 1222 1205 1283 risum
1234 1225 1452 1284 movet
1482 1221 1821 1283 Atellanae

438 1321 727 1402 gestibus
756 1320 1113 1393 Autonoes,
1148 1319 1324 1380 hunc
1356 1318 1575 1398 diligit
1606 1318 1792 1379 Aelia
1821 1338 2086 1399 pauper.

440 1419 714 1481 solvitur
740 1418 844 1479 his
873 1436 1110 1497 magno
1141 1415 1432 1478 comoedi
1463 1417 1683 1491 fibula,
1719 1421 1874 1478 sunt
1905 1436 2068 1497 quae

442 1516 935 1597 Chrysogonum
966 1519 1227 1576 cantare
1257 1518 1503 1588 vetent,
1541 1513 1846 1594 Hispulla
1874 1514 2183 1594 tragoedo

439 1615 682 1695 gaudet
709 1634 723 1675 :
768 1634 851 1674 an
881 1616 1179 1693 expectas
1207 1615 1282 1672 ut
1314 1611 1757 1686 Quintilianus
1787 1614 2040 1672 ametur
2072 1610 2100 1672 Ρ

441 1711 677 1792 accipis
708 1730 971 1771 uxorem
1003 1710 1082 1771 de
1113 1730 1239 1790 qua
1269 1709 1683 1770 citharoedus
1714 1708 1967 1770 Echion

441 1814 556 1871 aut
588 1809 953 1890 Glaphyrus
982 1809 1095 1868 fiat
1124 1812 1309 1888 pater
1342 1807 1847 1887 Ambrosiusque
1877 1805 2230 1868 choraules.
2340 1862 2351 1870 .

441 1908 635 1988 longa
662 1927 777 1987 per
805 1910 1114 1986 angustos
1143 1906 1416 1985 figamus
1445 1905 1702 1985 pulpita
1731 1904 1926 1978 vic08,

443 2009 757 2066 ornentur
785 2007 1001 2084 postes
1031 2006 1097 2063 et
1126 2003 1357 2081 grandi
1387 2002 1581 2063 ianua
1607 2002 1813 2076 laur0,

444 2105 519 2162 ut
549 2101 919 2163 testudineo
950 2100 1094 2174 tibi,
1123 2099 1435 2174 Lentule,
1472 2119 1756 2181 conopeo

442 2199 677 2261 nobilis
708 2198 1066 2279 Euryalum
1096 2202 1211 2259 aut
1240 2197 1723 2259 murmillonem
1755 2198 2072 2279 exprimat
2102 2197 2338 2258 infans,

444 2302 652 2378 nupta
681 2296 962 2358 senatori
993 2295 1302 2357 comitata
1338 2298 1436 2356 est
1467 2295 1678 2376 Eppia
1705 2296 1937 2357 ludum

445 2396 527 2456 ad
559 2395 815 2455 Pharon
847 2397 912 2454 et
943 2393 1172 2453 Nilum
1201 2394 1577 2473 famosaque
1607 2393 1862 2455 moenia
1891 2393 2053 2474 Lagi

445 2491 741 2573 prodigia
770 2495 835 2553 et
865 2510 1072 2551 mores
1103 2490 1280 2551 urbis
1312 2491 1663 2552 damnante
1697 2479 1973 2571 Canopo,

446 2590 762 2664 inmemor
789 2588 902 2649 illa
932 2588 1161 2649 domus
1192 2592 1258 2649 et
1289 2588 1584 2668 coniugis
1614 2592 1809 2669 atque
1839 2588 2072 2650 sororis

445 2686 540 2747 nil
569 2686 816 2767 patriae
845 2685 1142 2759 indulsit,
1176 2686 1634 2766 plorantesque
1663 2686 1959 2767 improba
1987 2691 2193 2761 natos,

447 2788 649 2865 utque
679 2783 882 2864 magis
911 2787 1192 2864 stupeas,
1225 2783 1415 2845 ludos
1447 2783 1872 2865 Paridemque
1900 2784 2184 2865 reliquit.

448 2882 558 2943 sed
588 2900 978 2963 quamquam
1008 2881 1076 2941 in
1106 2880 1357 2961 magnis
1387 2881 1617 2961 opibus
1646 2881 1996 2962 plumaque
2024 2884 2296 2961 paterna

449 2984 515 3041 et
543 2978 964 3059 segmentatis
995 2978 1334 3039 dormisset
1363 2979 1631 3059 parvula
1660 2979 1867 3053 cunis,

449 3076 839 3157 contempsit
867 3076 1134 3157 pelagus
1160 3097 1177 3153 3
1220 3076 1464 3138 famam
1493 3080 1972 3157 contempserat
2008 3076 2185 3151 olim,

451 3174 634 3237 cuius
664 3174 838 3254 apud
867 3174 1090 3235 molles
1121 3173 1389 3234 minima
1418 3177 1516 3235 est
1544 3173 1794 3235 iactura
1824 3174 2181 3236 cathedras.

451 3271 818 3351 Tyrrhenos
848 3270 1051 3351 igitur
1080 3271 1318 3331 fluctus
1351 3270 1613 3350 lateque
1642 3275 1982 3333 sonantem

450 3368 724 3450 pertulit
755 3368 1015 3430 Ionium
1046 3368 1370 3429 constanti
1401 3371 1684 3448 pectore,
1721 3369 2014 3449 quamvis

453 3466 840 3527 mutandum
875 3466 1116 3527 totiens
1147 3470 1313 3526 esset
1343 3485 1536 3527 mare.
1628 3464 1801 3527 iusta
1828 3465 2055 3545 pericli

454 3564 506 3625 si
534 3565 701 3626 ratio
732 3568 829 3625 est
859 3547 924 3626 et
953 3564 1245 3637 honesta,
1282 3563 1520 3624 timent
1551 3563 1912 3644 pavidoque
1942 3564 2244 3643 gelantur

452 3666 713 3742 pectore
742 3681 860 3723 nec
890 3661 1187 3723 tremulis
1216 3666 1491 3741 possunt
1520 3661 1819 3722 insistere
1849 3661 2094 3740 plantis
2122 3683 2159 3736 ε,

454 3760 694 3821 sortem
722 3759 1013 3844 animum
1040 3763 1373 3842 praestant
1402 3759 1593 3820 rebus
1625 3777 1782 3841 quas
1811 3758 2094 3839 turpiter
2134 3760 2399 3822 audent.

2576 642 2658 700 65

2573 1129 2656 1191 ‘70

2571 1616 2649 1678 '75

2567 2104 2659 2169 80.

2566 3082 2642 3139 90
