2787 4328
480 270 602 334 114
1211 277 1274 321 D.
1326 277 1522 323 IVNII
1566 277 1949 326 IVVENALIS

1321 513 1618 565 SATVRA
1663 511 1797 566 XVI

471 661 627 737 Quis
654 682 986 725 numerare
1017 668 1208 744 queat
1235 665 1440 727 felicis
1468 666 1770 746 praemia,
1806 666 1998 741 Galli,

469 760 736 822 militiae
758 763 787 821 Ρ
869 781 1018 822 118111
1048 762 1100 823 si
1129 763 1484 824 subeuntur
1512 783 1810 844 prospera
1839 768 2065 839 castra,

469 878 569 919 me
597 857 900 939 pavidum
929 859 1203 940 excipiat
1229 862 1505 922 tironem
1535 865 1720 942 porta
1749 862 2027 924 secundo

467 956 690 1018 sidere.
777 957 922 1038 plus
949 957 1187 1019 etenim
1217 958 1337 1018 fati
1367 959 1535 1019 valet
1563 958 1719 1021 hora
1746 960 2006 1040 benigni

469 1074 658 1135 quam
689 1054 740 1116 si
769 1075 884 1116 nos
913 1055 1182 1117 Veneris
1210 1057 1615 1118 commendet
1644 1057 1919 1139 epistula
1949 1058 2143 1133 Marti

465 1156 531 1213 et
560 1152 771 1215 Samia
798 1155 1087 1234 genetrix
1118 1174 1279 1234 quae
1309 1155 1664 1216 delectatur
1690 1156 1948 1218 harena.

545 1252 874 1313 commoda
904 1255 1250 1313 tractemus
1277 1252 1562 1332 primum
1593 1254 1980 1328 communia,
2016 1274 2293 1334 quorum

464 1348 626 1410 haut
654 1350 994 1411 minimum
1026 1350 1190 1412 illud
1219 1352 1364 1426 erit,
1401 1372 1481 1413 ne
1512 1356 1576 1413 te
1605 1353 1856 1433 pulsare
1885 1355 2141 1431 togatus

464 1447 716 1521 audeat,
750 1448 948 1509 immo
976 1449 1094 1511 etsi
1123 1450 1438 1529 pulsetur,
1473 1450 1829 1512 dissimulet
1859 1470 1974 1511 1100

463 1545 695 1607 audeat
722 1566 1013 1608 excussos
1039 1547 1317 1628 praetori
1347 1548 1676 1609 ostendere
1704 1549 1929 1610 dentes

463 1646 529 1704 et
557 1644 807 1723 nigram
836 1645 904 1705 111
933 1645 1095 1707 facie
1125 1645 1393 1707 tumidis
1419 1645 1726 1708 livoribus
1756 1646 1946 1708 offam

462 1744 655 1820 atque
684 1743 944 1804 oculum
974 1743 1219 1805 medico
1251 1743 1343 1805 nil
1371 1744 1790 1824 promittente
1819 1743 2138 1804 relictum.

465 1837 810 1901 Bardaicus
838 1840 1031 1902 iudex
1061 1842 1254 1902 datur
1282 1841 1437 1902 haec
1464 1840 1695 1921 punire
1724 1840 1963 1903 volenti

462 1936 708 1997 calceus
735 1940 799 1997 et
827 1939 1099 2016 grandes
1127 1959 1359 2018 magna
1386 1939 1468 2000 ad
1498 1937 1794 1999 subsellia
1822 1957 2003 1999 surae

461 2034 708 2114 legibus
735 2035 1018 2115 antiquis
1047 2040 1399 2098 castrorum
1428 2039 1494 2098 et
1521 2056 1694 2098 more
1725 2034 1979 2098 Camilli

461 2138 727 2208 servato,
762 2134 943 2197 miles
974 2155 1052 2197 ne
1083 2135 1319 2197 vallum
1351 2135 1562 2215 litiget
1591 2138 1771 2196 extra
2047 2216 2051 2220 ⁴

462 2235 528 2293 et
555 2233 777 2313 procul
806 2253 844 2295 a
871 2233 1086 2312 siguiS.
1178 2233 1522 2295 iustissima
1550 2233 2001 2295 centurionum

460 2330 740 2409 cognitio
769 2334 866 2392 est
894 2331 1096 2410 igitur
1124 2332 1204 2393 de
1233 2331 1463 2405 milite,
1497 2352 1613 2393 nec
1642 2331 1801 2392 mihi
1833 2329 2000 2392 derit

461 2427 644 2502 ultio,
679 2428 732 2489 si
761 2429 963 2490 iustae
992 2430 1279 2491 defertur
1309 2450 1497 2491 causa
1527 2429 1861 2510 querellae.

462 2529 597 2588 tota
624 2525 846 2588 cohors
877 2530 1087 2589 tamen
1118 2531 1214 2589 est
1242 2527 1524 2601 inimica,
1559 2546 1901 2605 omnesque
1930 2525 2197 2605 manipli

460 2644 768 2686 consensu
799 2645 1032 2705 magno
1061 2625 1348 2687 efficiunt
1377 2624 1677 2686 curabilis
1708 2628 1782 2684 ut
1811 2624 1894 2684 sit

442 2721 744 2789 ,vindicta
771 2726 836 2785 et
864 2722 1116 2803 gravior
1145 2743 1337 2802 quam
1367 2722 1622 2784 iniuria.
1714 2722 1985 2801 dignum
2013 2721 2137 2782 erit
2165 2741 2315 2801 ergo

460 2820 898 2882 declamatoris
926 2821 1175 2882 mulino
1204 2821 1391 2882 corde
1420 2820 1693 2900 Vagelli,

459 2938 608 2979 cum
639 2919 767 2980 duo
796 2938 981 2980 crura
1008 2918 1257 2992 habeas,
1295 2919 1616 2980 offendere
1646 2921 1745 2979 tot
1772 2917 2026 3006 caligas3
2060 2919 2159 2978 tot

459 3014 636 3076 milia
662 3015 1007 3077 clavorum.
1097 3016 1238 3095 quis
1267 3020 1396 3077 18111
1429 3016 1650 3096 procul
1680 3015 1844 3076 absit
1871 3015 1949 3075 ab
1981 3015 2166 3093 urbe,

460 3116 801 3193 praeterea,
837 3114 979 3193 quis
1011 3118 1140 3175 tam
1172 3114 1458 3194 Pylades,
1493 3114 1725 3174 molem
1754 3112 2001 3192 aggeris
2029 3111 2203 3175 ultra

461 3214 536 3271 ut
564 3210 776 3272 veniat
797 3213 826 3271 ⁶?
907 3211 1200 3272 lacrimae
1231 3212 1547 3293 siccentur
1575 3210 1890 3291 protinus,
1925 3212 1989 3271 et
2018 3227 2081 3271 se

459 3313 866 3371 excusaturos
894 3330 1022 3370 non
1053 3310 1465 3372 sollicitemus
1494 3309 1745 3371 amicos·

465 3408 481 3436 ‘
503 3407 584 3468 da
614 3410 837 3469 testem
860 3408 878 3435 '
911 3407 1104 3469 iudex
1133 3428 1281 3469 cum
1312 3408 1567 3481 dixerit,
1602 3407 1836 3469 audeat
1864 3406 1971 3467 ille

460 3506 668 3568 nescio
699 3507 840 3585 quis
868 3526 1116 3585 pugnos
1146 3506 1255 3585 qui
1288 3507 1471 3580 vidit,
1505 3506 1712 3568 dicere
1746 3505 1764 3534 ‘
1784 3504 1967 3579 vidi‚’

459 3608 523 3666 et
552 3605 802 3666 credam
832 3604 1101 3683 dignum
1132 3604 1323 3665 barba
1350 3604 1751 3684 dignumque
1779 3603 2025 3683 capillis

458 3701 793 3763 maiorum.
881 3701 1071 3763 citius
1097 3702 1333 3764 falsum
1362 3702 1711 3782 producere
1740 3705 1966 3767 testem

2607 1555 2678 1613 10

2603 2044 2674 2101 15

2539 2528 2672 2593 '20

2593 3024 2663 3082 25

2589 3514 2658 3572 30
