2787 4328
1076 302 1344 347 SATVRA
1388 302 1484 347 XV
2260 305 2283 352 1
2304 308 2325 352 1
2347 307 2369 353 1

147 451 471 514 subsidiis
499 453 694 528 aucti,
727 473 872 535 pars
899 453 1098 515 altera
1124 473 1414 534 promere
1443 454 1686 517 ferrum

148 551 367 612 audet
392 554 460 612 et
489 550 741 612 infestis
768 571 1052 632 pugnam
1082 550 1438 613 instaurare
1467 551 1734 632 sagittis.

148 654 350 728 terga
377 649 574 729 fugae
602 649 787 710 celeri
817 651 1143 729 praestant
1171 648 1561 710 instantibus
1593 649 1813 711 Ombis
2301 655 2376 717 '75

150 747 281 827 qui
312 746 526 809 vicina
553 748 777 809 colunt
804 749 1134 809 umbrosae
1165 748 1448 828 Tentyra
1477 749 1744 828 palmae.
2408 732 2418 740 ”

151 845 412 906 labitur
440 845 546 906 hic
577 845 836 925 quidam
868 845 1065 906 nimia
1093 845 1441 907 formidine
1470 865 1726 907 cursum

148 942 600 1023 praecipitans
629 943 1025 1024 capiturque.
1117 946 1215 1004 ast
1244 943 1433 1004 illum
1463 943 1526 1004 in
1559 943 1838 1023 plurima
1867 947 2110 1006 sectum

151 1041 381 1101 frusta
410 1044 475 1102 et
503 1041 868 1121 particulas,
903 1045 979 1102 ut
1005 1041 1230 1102 multis
1259 1044 1553 1102 mortuus
1582 1060 1751 1102 unus

154 1139 511 1212 sufficeret,
547 1142 757 1200 totum
787 1138 1050 1200 corrosis
1079 1139 1321 1200 ossibus
1349 1139 1484 1200 edit
1667 1155 1758 1192 σοι’
1779 1142 1882 1189 “ἑ’-’
2297 1145 2375 1203 80
2413 1164 2418 1169 ·

156 1236 403 1297 victrix
436 1236 645 1310 turba,
679 1256 795 1298 nec
822 1237 1071 1299 ardenti
1101 1236 1359 1298 decoxit
1388 1256 1546 1298 aeno
1669 1252 1734 1281 Μ
1773 1254 1794 1285 ι·
1821 1272 1828 1279 -
1867 1270 1876 1285 ·
1939 1272 1950 1281 -

157 1337 282 1396 aut
313 1335 586 1408 veribus,
619 1335 887 1415 longum
916 1354 1115 1414 usque
1143 1335 1299 1396 adeo
1329 1335 1714 1414 tardumque
1744 1335 1999 1415 putavit
2101 1354 2118 1389 ι
2149 1358 2157 1385 ³

159 1437 506 1512 expectare
534 1433 728 1506 focos,
763 1436 1064 1494 contenta
1092 1433 1395 1494 cadavere
1425 1433 1641 1493 crud0.

159 1530 274 1592 hic
303 1531 582 1610 gaudere
612 1531 768 1592 libet
796 1532 965 1610 quod
995 1550 1126 1591 non
1156 1530 1486 1592 violaverit
1515 1530 1751 1609 ignem,

163 1648 363 1708 quem
393 1649 642 1690 summa
669 1628 825 1691 caeli
855 1631 1113 1709 raptum
1143 1629 1226 1690 de
1249 1631 1431 1708 parte
1462 1626 1877 1690 Prometheus
2293 1634 2375 1691 85

162 1727 435 1788 donavit
464 1726 679 1802 terris3
724 1727 1037 1788 elemento
1065 1726 1375 1806 gratulor,
1410 1728 1474 1787 et
1503 1728 1567 1787 te

161 1824 456 1886 exultare
486 1844 649 1886 reor.
737 1825 843 1886 sed
876 1824 987 1904 qui
1015 1824 1304 1885 mordere
1334 1823 1601 1885 cadaver

164 1922 500 1996 sustinuit,
536 1922 627 1982 nil
659 1942 965 2002 umquam
994 1921 1114 1983 hac
1142 1941 1330 1983 carne
1361 1920 1665 1982 libentius
1691 1921 1855 1998 edit3
1917 1937 1924 1947 ’

164 2007 320 2082 nam
351 2021 582 2083 scelere
609 2020 677 2080 in
707 2023 888 2081 tanto
920 2040 999 2081 ne
1029 2016 1288 2099 quaeras
1318 2023 1382 2080 et
1411 2018 1666 2081 dubites
1694 2040 1775 2080 an

165 2120 377 2203 prima
406 2119 800 2199 voluptatem
831 2119 984 2199 gula
1012 2117 1303 2194 senserit3
1350 2117 1621 2179 ultimus
1648 2120 1864 2180 autem
2299 2123 2375 2180 90

168 2218 281 2299 qui
312 2217 512 2291 stetit,
546 2218 881 2295 absumpto
910 2217 1033 2278 iam
1067 2220 1202 2278 toto
1231 2235 1511 2297 corpore,
1546 2215 1758 2277 ductis

166 2337 283 2398 per
311 2319 545 2378 terram
576 2314 796 2395 digitis
824 2314 1066 2393 aliquid
1097 2315 1176 2375 de
1207 2314 1515 2394 sanguine
1545 2317 1780 2393 gustat.

169 2412 512 2483 Vascones,
547 2408 700 2471 haec
729 2408 902 2470 fama
929 2411 1044 2481 est,
1078 2407 1401 2469 alimentis
1430 2408 1665 2468 talibus
1693 2408 1847 2469 olim

169 2509 525 2590 produxere
553 2506 815 2568 animas.
906 2507 1011 2567 sed
1043 2526 1138 2567 res
1169 2505 1434 2578 diversa,
1469 2506 1575 2567 scd
1607 2505 1739 2567 illic

170 2609 468 2668 fortunae
499 2604 741 2665 invidia
768 2607 863 2665 est
890 2605 1326 2683 bellorumque
1356 2602 1608 2675 ultima,
1644 2622 1821 2664 casus
1902 2644 1907 2649 -
2298 2608 2374 2665 95

171 2703 460 2777 extremi,
497 2703 720 2783 longae
749 2702 888 2763 dira
917 2701 1260 2762 obsidionis
1289 2705 1552 2780 egestas.

170 2803 363 2864 huius
391 2800 585 2873 enim,
621 2800 787 2879 quod
822 2818 996 2859 nunc
1025 2798 1260 2877 agitur,
1298 2797 1650 2859 miserabile
1680 2799 1868 2860 debet

172 2899 532 3007 exemplum
564 2917 693 2959 esse
723 2896 868 2970 cibi,
892 2896 1070 2994 sicut
1098 2896 1287 2956 modo
1317 2894 1491 2956 dicta
1519 2895 1677 2957 mihi
1709 2915 1865 2975 gens

172 2999 314 3078 post
341 2994 549 3058 omnis
578 2994 821 3066 herbaS,
856 2996 1001 3074 post
1027 3013 1100 3054 cu
1112 2997 1257 3053 ncta
1288 2991 1607 3066 animalia,
1645 2987 1967 3074 quidquid

175 3095 433 3174 cogebat
461 3092 642 3154 vacui
674 3091 912 3153 ventris
940 3093 1142 3164 furor,
1177 3090 1511 3152 hostibus'
1495 3090 1648 3171 ipsis
2259 3095 2375 3155 100

176 3194 476 3275 pallorem
506 3211 578 3253 ac
609 3189 873 3251 maciem
904 3193 968 3251 et
999 3189 1208 3251 tenuis
1237 3188 1685 3251 miserantibus
1712 3193 1909 3263 artus,

178 3292 454 3353 membra
482 3289 687 3350 aliena
715 3290 885 3350 fame
913 3288 1294 3360 lacerabant,
1328 3305 1459 3349 esse
1489 3287 1695 3368 parati

178 3393 237 3452 et
265 3410 393 3451 sua.
488 3388 778 3467 quisnam
808 3379 1425 3447 hominum‘veniam
1456 3386 1606 3448 dare
1635 3385 1857 3465 quisve·
1881 3386 2146 3448 deorum

181 3488 434 3550 urbibus
464 3487 771 3548 abnueret
800 3484 938 3545 dira
966 3487 1158 3563 atque
1187 3483 1468 3546 inmania
1497 3484 1694 3564 passis
2348 3533 2364 3543 .

181 3590 241 3647 et
268 3585 498 3665 quibus
525 3584 784 3645 illorum
813 3584 1111 3663 poterant
1139 3580 1459 3659 ignoscere
1488 3602 1724 3656 manes,
2259 3584 2375 3645 105

184 3703 447 3765 quorum
478 3681 847 3763 corporibus
875 3679 1287 3741 vescebantur
1307 3682 1336 3739 ⁴?
1422 3680 1649 3741 melius
1678 3698 1794 3740 nos

185 3780 440 3844 Zenonis
469 3782 806 3861 praecepta
833 3780 1120 3851 monent,
1155 3794 1271 3838 nec
1299 3778 1484 3839 enim·
1502 3777 1717 3839 omnia
1745 3776 2008 3856 quidam
