2787 4328
457 269 536 335 72
1190 267 1252 312 D.
1303 266 1498 313 IVNII
1542 266 1924 315 IVVENALIS

453 420 664 481 iamne
694 417 894 499 igitur
921 418 1142 480 laudas
1170 418 1340 497 quod
1369 418 1450 480 de
1477 418 1866 500 sapientibus
1894 419 2054 480 alter

455 517 722 590 ridebat,
758 516 1050 597 quotiens
1077 516 1156 577 de
1186 514 1406 576 limine
1433 518 1719 577 moverat
1746 522 1950 593 unum

454 615 933 696 protuleratque
962 614 1211 695 pedem,
1246 614 1434 675 fiebat
1462 614 1817 676 contrarius
1843 617 2112 699 auctor?

456 713 562 774 sed
594 702 802 773 facilis
828 712 1029 773 cuivis
1059 711 1249 790 rigidi
1279 731 1544 773 censura
1571 712 1898 774 cachinni:

458 810 823 872 mirandum
852 814 949 870 est
979 810 1149 871 unde
1179 809 1287 870 ill‘e
1316 809 1519 871 oculis
1546 810 1871 871 suffecerit
1902 830 2105 872 umor.

458 912 764 989 perpetuo
793 908 924 970 risu
951 906 1324 989 pulmonem
1352 907 1593 988 agitare
1621 908 1859 969 solebat

461 1006 883 1078 Democritus,
919 1025 1304 1086 quamquam
1337 1026 1466 1067 non
1495 1009 1702 1068 essent
1731 1006 1997 1067 urbibus
2026 1005 2154 1068 illis

458 1108 818 1185 praetextae
845 1094 1095 1166 trabeae
1123 1105 1322 1165 fasces
1351 1103 1575 1165 lectica
1603 1104 1904 1165 tribunal.

460 1202 613 1283 quid
644 1202 696 1263 si
727 1202 983 1263 vidisset
1009 1204 1362 1282 praetorem
1393 1201 1684 1265 curribus
1712 1202 1863 1265 altis
2098 1269 2105 1275 ,

458 1303 781 1361 extantem
810 1302 875 1360 et
903 1298 1094 1360 medii
1125 1298 1463 1360 sublimem
1492 1299 1752 1379 pulvere
1780 1298 1932 1361 circi
2068 1320 2086 1356 t

460 1396 527 1457 in
559 1396 776 1458 tunica
803 1395 971 1458 Iovis
998 1399 1063 1458 et
1091 1384 1296 1476 pictae
1332 1395 1601 1476 Sarrana
1630 1396 1940 1458 ferentem

458 1514 535 1556 ex
563 1483 802 1555 umeris
829 1494 1049 1583 aulaea
1076 1497 1258 1573 togae
1286 1512 1679 1573 magnaeque
1708 1513 1974 1556 coronae

461 1595 716 1654 tantum
745 1591 982 1666 orbem,
1018 1594 1258 1670 quanto
1286 1590 1499 1652 cervix
1529 1610 1659 1652 non
1689 1591 1925 1653 sufficit
1951 1592 2134 1654 ulla?

383 1754 388 1759 ⁴
461 1689 698 1770 quippe
726 1691 905 1751 tenet
932 1689 1166 1750 sudans
1193 1688 1360 1749 hanc
1388 1688 1704 1768 publicus,
1739 1693 1806 1749 et
1834 1688 1952 1749 sibi
1981 1689 2203 1751 consul

459 1806 541 1848 ne
568 1788 835 1865 placeat,
868 1806 1060 1847 curru
1090 1805 1304 1848 servus
1332 1789 1629 1866 portatur
1656 1786 1902 1848 eodem.

460 1880 540 1942 da
569 1900 744 1941 nunc
772 1883 839 1940 et
868 1880 1209 1953 volucrem,
1243 1876 1492 1959 sceptro
1521 1898 1682 1959 quae
1706 1880 1917 1959 surgit
1944 1880 2207 1956 eburn0,

460 1978 640 2039 illinc
667 1977 1038 2051 cornicineS,
1069 1977 1223 2039 hinc
1253 1977 1695 2057 praecedentia
1722 1977 1899 2058 longi

460 2075 733 2155 agminis
761 2075 965 2137 officia
992 2079 1057 2136 et
1084 2074 1299 2136 niveos
1329 2075 1410 2136 ad
1438 2074 1622 2136 frena
1650 2074 1950 2149 Quirites,

462 2174 710 2236 defossa
738 2174 805 2234 111
834 2174 1073 2235 loculos
1103 2193 1259 2264 quos
1286 2174 1571 2255 sportula
1599 2173 1757 2235 fecit
1783 2174 2037 2236 amicos.

462 2278 619 2334 tunc
649 2291 900 2352 quoque
928 2271 1257 2333 materiam
1286 2271 1451 2332 risus
1478 2271 1726 2333 invenit
1753 2271 1832 2332 ad
1864 2271 2070 2335 omlffs

463 2389 756 2432 occursus
786 2369 1140 2443 hominum,
1174 2368 1358 2430 cuius
1385 2368 1729 2449 prudentia
1756 2372 2070 2431 monstrat

462 2487 741 2528 summos
768 2486 947 2547 posse
975 2467 1142 2528 viros
1168 2470 1234 2528 et
1261 2486 1494 2545 magna
1521 2457 1812 2547 exempla
1839 2467 2098 2529 daturos

463 2584 790 2627 vervecum
823 2564 891 2624 in
922 2557 1130 2645 patria
1156 2583 1486 2643 crassoque
1515 2564 1632 2625 sub
1661 2584 1802 2625 aere
1830 2564 2020 2626 nasci.

462 2663 708 2724 ridebat
735 2681 917 2722 curas
947 2681 1061 2723 nec
1089 2681 1218 2722 non
1246 2664 1312 2723 et
1340 2661 1574 2741 gaudia
1602 2661 1801 2741 vulgi,

461 2757 787 2836 interdum
817 2763 882 2820 et
907 2759 1220 2832 lacrimas,
1253 2778 1402 2821 cum
1432 2759 1755 2820 Fortunae
1784 2758 1917 2840 ipse
1945 2759 2177 2821 minaci

462 2856 794 2918 mandaret
821 2856 1119 2935 laqueum
1148 2856 1558 2935 mediumque
1588 2856 1950 2918 ostenderet
1977 2876 2279 2937 unguem.

542 2972 691 3034 ergo
720 2973 1108 3033 supervacua
1135 2957 1249 3015 aut
1277 2953 1632 3034 perniciosa
1658 2957 1991 3034 petuntur,

462 3054 725 3132 propter
754 3069 913 3130 quae
941 3051 1039 3111 fas
1066 3054 1161 3112 est
1188 3070 1398 3130 genua
1425 3051 1707 3112 incerare
1735 3050 2019 3112 deorum.
2096 3099 2101 3103 .

465 3149 770 3229 quosdam
799 3147 1180 3232 praecipitat
1206 3147 1488 3210 subiecta
1516 3127 2098 3229 potentia‘magnae
2222 3173 2231 3204 ι

463 3246 759 3319 invidiae,
796 3245 1030 3325 mergit
1057 3246 1248 3325 longa
1275 3249 1468 3324 atque
1496 3245 1767 3325 insignis
1795 3245 2112 3307 honorum

463 3345 714 3436 pagina.
804 3344 1201 3406 descendunt
1227 3347 1473 3406 statuae
1504 3348 1861 3423 restemque
1889 3348 2267 3424 sequuntur,

464 3424 629 3523 ipsas
657 3442 886 3504 deinde
915 3445 1082 3503 rotas
1111 3442 1404 3522 bigarum
1435 3442 1692 3520 inpacta
1720 3440 1958 3503 securis

464 3541 670 3602 caedit
698 3544 763 3618 et
790 3539 1106 3600 inmeritis
1133 3540 1527 3619 franguntur
1553 3558 1740 3601 crura
1767 3538 2043 3612 caballiS,

465 3638 591 3698 iam
621 3637 895 3728 strident
923 3637 1122 3716 igneS,
1156 3636 1286 3698 iam
1313 3636 1577 3697 follibus
1604 3640 1796 3715 atque
1825 3624 2090 3698 caminis

464 3735 646 3797 ardet
673 3721 1007 3796 adoratum
1035 3733 1274 3815 populo
1302 3736 1497 3854 caput
1523 3735 1591 3794 et
1616 3735 1834 3813 crepat
1861 3732 2087 3813 ingens

2596 622 2700 681 30

2590 1110 2688 1169 35

2591 1598 2684 1658 40

2592 2573 2674 2631 50

2595 3060 2674 3118 55

2601 3546 2679 3606 60

2580 2052 2674 2141 ’45
2774 2062 2777 2087 j

2770 3055 2780 3141 *Δ
