2787 4328
538 240 626 303 66
1270 257 1333 302 n.
1385 255 1579 303 1vN11
1625 256 2006 303 1vaNAL1s

540 412 605 470 et
636 411 870 481 tamen,
897 411 980 505 pt
1006 407 1196 489 longe
1225 412 1474 490 repetas
1502 410 1813 490 longeque
1842 409 2124 473 revolvas

542 525 795 579 nomen,
828 507 907 567 ab
936 506 1164 567 infami
1194 512 1450 587 gentem
1479 508 1740 569 deducis
1752 508 1968 599 affl-03
2082 536 2087 541 ⁴

543 604 853 665 maiorum
882 603 1150 684 primus,
1183 604 1469 685 quisquis
1495 605 1627 667 fuit
1655 605 1785 679 ille,
1818 609 2078 667 tuorum

541 705 655 762 aut
682 704 894 781 pastor
922 700 1052 762 fuit
1078 705 1192 762 aut
1220 701 1384 762 illud
1415 702 1584 783 quod
1614 702 1823 764 dicere
1850 701 2019 764 nolo.

1442 879 1730 932 SATVRA
1774 879 1855 930 IX

545 997 717 1059 Scire
744 996 957 1071 velim,
992 1016 1185 1077 quare
1213 997 1452 1059 totiens
1480 997 1663 1070 mihi,
1698 997 1760 1058 N
1763 996 1996 1070 aevole,
2029 996 2233 1058 tristis

544 1115 833 1157 occurras
859 1095 1073 1156 fronte
1101 1094 1376 1156 obducta
1403 1114 1520 1156 ceu
1553 1082 1815 1181 Marsya
1892 1128 1917 1155 ,2

546 1192 700 1271 quid
734 1192 849 1253 tibi
878 1212 1025 1253 cum
1054 1192 1263 1265 vultu,
1297 1191 1550 1272 qualem
1581 1192 1927 1274 deprensu„
1957 1194 2226 1252 mactat

545 1290 779 1351 Ravola
807 1290 961 1351 dum
995 1289 1331 1369 Rhodopes
1357 1290 1489 1351 uda
1514 1289 1666 1350 terit
1696 1289 1964 1368 inguina
1994 1289 2186 1350 barba
2203 1291 2234 1350 ’Β

546 1406 659 1448 nos
686 1387 1025 1466 colaphum
1055 1386 1406 1448 incutimus
1434 1386 1741 1449 lambenti
1770 1386 2054 1448 crustula
2081 1405 2277 1449 servo.

547 1505 673 1546 non
704 1485 827 1546 erit
853 1485 971 1546 hac
999 1485 1161 1546 facie
1190 1484 1607 1546 miserabilior
1638 1484 2010 1565 Crepereius

549 1582 771 1656 Pollio,
807 1583 917 1663 qui
950 1583 1265 1662 triplicem
1296 1602 1553 1644 usuram
1585 1585 1901 1663 praestare
1928 1585 2189 1664 paratus

546 1680 843 1741 circumit
869 1684 935 1742 et
961 1681 1175 1742 fatuos
1202 1700 1330 1742 non
1363 1680 1631 1741 invenit.
1723 1680 1896 1741 unde
1924 1683 2183 1760 repente

546 1781 645 1838 tot
672 1780 913 1857 rugae?
994 1782 1164 1839 certe
1191 1778 1441 1840 modico
1470 1781 1810 1840 contentus
1838 1778 2063 1856 agebas

545 1895 805 1937 vernam
833 1875 1135 1955 equitem,
1170 1877 1435 1937 conviva
1461 1875 1598 1937 ioco
1632 1875 1964 1936 mordente
1992 1875 2239 1936 facetus

546 1976 612 2034 et
640 1973 873 2034 salibus
902 1973 1238 2034 vehemens
1265 1972 1438 2033 intra
1464 1972 1747 2053 pomeria
1774 1972 1963 2033 natis.

546 2071 763 2133 omnia
788 2090 963 2131 nunc
992 2074 1241 2132 contra:
1286 2071 1503 2132 vultus
1531 2069 1762 2149 gravis,
1796 2069 2056 2131 horrida
2080 2069 2279 2132 siccae

493 2205 506 2216 ι
548 2170 706 2231 silva
732 2189 968 2243 comae,
1003 2169 1221 2231 nullus
1250 2172 1384 2230 tota
1414 2168 1587 2230 nitor
1613 2168 1683 2229 in
1713 2172 1881 2242 cute,
1917 2167 2168 2248 qualem

550 2267 807 2328 Bruttia
833 2267 1191 2347 praestabat
1218 2266 1410 2327 calidi
1438 2266 1558 2327 tibi
1586 2266 1780 2328 fascia
1811 2265 1987 2340 visci,

549 2365 658 2426 sed
685 2364 1033 2426 fruticante
1063 2364 1195 2442 pilo
1225 2364 1516 2443 neglecta
1541 2369 1607 2426 et
1635 2363 1924 2443 squalida
1952 2382 2159 2425 crura.

551 2463 706 2542 quid
736 2462 967 2523 macies
994 2462 1164 2541 aegri
1197 2462 1446 2536 veteris,
1482 2482 1669 2542 quem
1700 2468 1984 2540 tempore
2013 2461 2206 2542 longo

537 2563 1004 2640 *torretquarta
1032 2560 1165 2621 dies
1194 2559 1474 2639 olimque
1504 2560 1847 2621 domestica
1876 2558 2072 2621 febris
2091 2560 2122 2620 Ρ

499 2658 901 2737 ⁸‘deprendas
929 2657 1125 2718 animi
1157 2660 1475 2718 tormenta
1500 2656 1760 2718 latentis
1789 2656 1859 2717 in
1886 2675 2076 2736 aegro

473 2787 514 2804 24

550 2775 829 2836 corpore,
865 2755 1213 2834 deprendas
1242 2758 1309 2815 et
1336 2754 1598 2835 gaudia3
1643 2755 1839 2815 sumit
1869 2758 2215 2834 utrumque

552 2852 701 2913 inde
730 2852 1022 2914 habitum
1051 2852 1263 2913 facies.
1352 2851 1552 2932 igitur
1583 2851 1824 2913 flexisse
1854 2851 2086 2913 videris

551 2950 946 3031 propositum
977 2954 1041 3011 et
1071 2950 1236 3012 vitae
1264 2949 1621 3012 contrarius
1649 2949 1742 3010 ire
1770 2948 1989 3030 priori.

551 3068 756 3128 nuper
785 3048 978 3121 enim,
1012 3051 1087 3108 ut
1115 3051 1352 3128 repetO,
1387 3048 1615 3108 fanum
1646 3046 1833 3108 Isidis
1861 3051 1927 3107 et
1957 3046 2389 3130 Ganymedem

554 3146 734 3208 Pacis
762 3155 826 3207 et
853 3146 1147 3207 advectae
1176 3149 1414 3208 secreta
1445 3143 1690 3206 Palatia
1718 3144 1941 3205 matris

554 3247 620 3303 et
651 3242 1171 3304 Cererem—nam
1202 3263 1326 3323 quo
1358 3262 1486 3304 non
1518 3244 1760 3323 prostat
1789 3240 2030 3302 femina
2060 3241 2299 3322 templo
2321 3242 2434 3302 ‘1'—

554 3340 764 3401 notior
794 3339 1051 3400 Aufidio
1081 3340 1378 3400 moechus
1408 3339 1705 3401 scelerare
1734 3338 1993 3412 solebas,

555 3438 848 3517 quodque
878 3443 1064 3510 taces,
1099 3436 1265 3516 ipsos
1294 3437 1487 3498 etiam
1517 3437 1827 3500 inclinare
1853 3436 2134 3497 maritos.

640 3535 656 3563 ‘
679 3534 837 3595 utile
867 3538 932 3594 et
959 3534 1079 3595 hoc
1108 3535 1330 3596 multis
1363 3534 1525 3596 vitae
1554 3554 1774 3613 genuS,
1809 3537 1875 3595 at
1904 3533 2065 3595 mihi
2095 3534 2348 3595 nullum

487 3647 526 3680 Ἃ
556 3634 704 3695 inde
733 3652 954 3712 operae
982 3632 1281 3713 pretium.
1372 3633 1644 3713 pingues
1670 3632 2014 3712 aliquando
2042 3631 2345 3706 lacernas,

556 3730 958 3792 munimenta
985 3733 1190 3811 togae,
1223 3729 1370 3792 duri
1400 3729 1715 3810 crassique
1744 3729 1970 3792 coloris

2642 704 2780 769 275

2685 1878 2768 1937 10

2679 2317 2772 2459 153
