2787 4328
426 278 512 355 84
1158 289 1220 333 n.
1272 288 1466 333 1vm1
1511 287 1891 334 1vvnNAL1s

415 440 549 522 ipse
576 440 736 502 focis
764 440 1060 502 brevibus
1087 439 1364 520 ponebat
1393 437 1745 510 holuscula,
1781 458 1941 518 quae
1971 458 2144 501 nunc

415 538 743 618 squalidus
771 536 839 598 in
871 557 1100 617 magna
1128 536 1380 598 fastidit
1411 537 1713 615 compede
1742 538 1962 610 fossor,

415 638 525 719 qui
556 636 855 696 meminit
881 635 1121 697 calidae
1149 634 1350 714 sapiat
1382 633 1539 713 quid
1571 635 1760 697 vulva
1786 635 2075 716 popinae.

413 734 561 796 sicci
590 739 770 814 terga
796 735 927 796 suis
956 754 1094 796 rara
1122 734 1473 813 pendentia
1500 737 1671 794 crate

413 832 606 893 moris
633 836 769 894 erat
797 834 1118 912 quondam
1147 833 1327 894 festis
1356 850 1598 893 servare
1627 831 1871 904 diebus,

413 933 481 991 et
507 930 881 992 natalicium
910 930 1197 1011 cognatis
1225 950 1458 1011 ponere
1487 929 1740 991 lardum

412 1027 746 1089 accedente
774 1047 957 1102 nova,
992 1028 1044 1089 si
1074 1048 1266 1108 quam
1296 1027 1488 1088 dabat
1517 1026 1742 1100 hostia,
1777 1046 1985 1089 carne.

411 1128 828 1204 cognatorum
857 1125 1088 1206 aliquis
1117 1125 1310 1188 titulo
1338 1129 1438 1186 ter
1466 1124 1742 1186 consulis
1769 1128 1963 1203 atque

412 1226 761 1284 castrorum
793 1223 1073 1303 imperiis
1100 1227 1166 1284 et
1194 1222 1523 1284 dictatoris
1553 1221 1789 1283 honore

412 1320 678 1381 functus
704 1321 786 1382 ad
814 1321 928 1382 has
956 1321 1174 1400 epulas
1202 1320 1387 1382 solito
1417 1319 1735 1380 maturius
1762 1319 1895 1380 ibat

411 1422 694 1479 erectum
723 1418 966 1480 domito
995 1420 1270 1480 referens
1297 1438 1335 1479 a
1363 1421 1580 1479 monte
1607 1417 1909 1497 ligonem.

412 1534 560 1584 cum
591 1519 935 1578 tremerent
962 1520 1178 1577 autem
1207 1516 1436 1577 Fabios
1464 1515 1828 1595 durumque
1859 1515 2169 1577 Catonem

412 1615 477 1674 et
506 1612 771 1675 Scauros
799 1618 863 1675 et
892 1613 1279 1687 Fabricium,
1312 1617 1630 1694 postremo
1659 1632 1900 1674 severos

412 1711 686 1772 censoris
714 1731 917 1772 mores
944 1711 1137 1773 etiam
1166 1711 1406 1790 collega
1435 1711 1710 1784 timeret,

413 1828 599 1869 nemo
629 1809 799 1870 inter
827 1829 1008 1870 curas
1036 1813 1101 1871 et
1128 1809 1287 1871 seria
1315 1809 1505 1870 duxit
1532 1808 1888 1870 habendam

414 1906 619 1985 qualis
647 1906 715 1966 in
747 1906 996 1968 Oceano
1024 1906 1225 1967 fluctu
1256 1907 1513 1968 testudo
1542 1909 1810 1980 nataret,

413 2004 656 2064 clarum
687 2003 1067 2083 Troiugenis
1094 2005 1345 2066 factura
1373 2008 1440 2064 et
1471 2004 1680 2065 nobile
1708 2004 2016 2077 fulcrum,

413 2101 519 2162 sed
551 2102 725 2162 nudo
754 2102 949 2163 latere
978 2105 1044 2163 et
1069 2101 1280 2184 parvis
1308 2102 1488 2162 frons
1515 2121 1693 2163 aerea
1720 2100 1900 2162 lectis

412 2200 535 2261 vile
564 2200 845 2263 coronati
875 2205 1069 2281 caput
1097 2201 1467 2262 ostendebat
1493 2200 1691 2274 aselli,

412 2298 492 2359 ad
523 2298 693 2377 quod
722 2298 937 2359 lascivi
964 2298 1275 2359 ludebant
1303 2298 1472 2359 ruris
1499 2298 1763 2359 alumni.

413 2395 569 2456 tales
596 2415 745 2475 ergo
774 2396 922 2469 cibi,
957 2397 1161 2476 qualis
1189 2397 1417 2457 domus
1446 2397 1636 2477 atque
1666 2396 1966 2477 supellex.

412 2496 571 2554 tunc
598 2493 776 2553 rudis
804 2497 869 2555 et
899 2493 1117 2555 Graias
1145 2494 1362 2554 mirari
1393 2493 1640 2555 nescius
1667 2497 1834 2556 artes

413 2591 679 2651 urbibus
706 2591 934 2652 eversis
962 2592 1339 2670 praedarum
1369 2591 1438 2651 in
1467 2595 1646 2671 parte
1676 2595 1922 2672 reperta

412 2707 790 2767 magnorum
820 2689 1139 2749 artificum
1168 2689 1505 2768 frangebat
1534 2690 1761 2767 pocula
1788 2690 1991 2765 mileS,
2050 2683 2059 2688 ’

413 2789 488 2846 ut
515 2785 791 2866 phaleris
817 2787 1124 2865 gauderet
1151 2806 1299 2847 ecus
1326 2787 1690 2866 caelataque
1719 2786 1906 2848 cassis

413 2883 753 2945 Romuleae
781 2883 1116 2945 simulacra
1143 2884 1312 2944 ferae
1341 2903 1773 2945 mansuescere
1802 2884 2004 2946 iussae

411 2971 662 3060 imperii
691 2981 847 3055 fate,
881 2981 1165 3060 geminos
1194 2981 1311 3041 sub
1342 3001 1499 3061 rupe
1530 2981 1849 3056 Quirinos,

410 3099 482 3141 ac
512 3079 753 3138 nudam
781 3079 1053 3158 effigiem
1083 3078 1286 3159 clipeo
1314 3079 1629 3141 venientis
1657 3083 1721 3140 et
1748 3080 1931 3142 hasta

411 3176 875 3256 pendentisque
905 3177 1007 3237 dei
1036 3176 1321 3256 perituro
1350 3178 1714 3238 ostenderet
1741 3177 1932 3238 hosti.

409 3274 731 3354 ponebant
760 3274 961 3352 igitur
990 3274 1196 3335 Tusco
1224 3274 1464 3334 farrata
1491 3274 1731 3336 catino:

409 3370 659 3449 argenti
690 3371 860 3449 quod
890 3374 1042 3443 erat,
1078 3370 1223 3431 solis
1251 3370 1542 3450 fulgebat
1569 3370 1637 3430 in
1667 3372 1875 3433 armis.

409 3468 624 3530 omnia
653 3472 831 3540 tunc,
860 3468 1090 3547 quibus
1120 3467 1402 3529 invideas
1432 3467 1483 3528 si
1513 3468 1822 3529 lividulus
1851 3470 1951 3531 sis.

409 3565 795 3645 templorum
826 3584 1078 3645 quoque
1108 3566 1398 3627 maiestas
1425 3565 1834 3645 praesentior,
1870 3571 1934 3629 et
1965 3588 2082 3629 vox

410 3667 595 3725 nocte
624 3664 757 3724 fere
786 3663 995 3724 media
1024 3663 1426 3743 mediamque
1455 3663 1677 3725 audita
1704 3684 1817 3744 per
1848 3665 2069 3727 urbem

410 3761 595 3823 litore
624 3760 702 3823 ab
733 3760 965 3824 Oceani
998 3759 1196 3824 Gallis
1225 3759 1628 3826 venientibus
1656 3764 1721 3822 et
1749 3760 1847 3826 dis

2538 1031 2634 1090 85

2541 1521 2627 1579 90

2538 2011 2777 2101 95ss

2494 2499 2617 2559 100

2497 2991 2615 3051 105

2498 3480 2618 3538 110
