2787 4328
1156 224 1423 270 SATVRA
1470 226 1513 270 V

234 377 467 440 luserit
496 376 751 447 Aeneas
778 395 898 438 nec
928 375 1062 439 fflia
1090 375 1343 438 dulcior
1371 375 1486 437 illo
1513 396 1530 452 ;
1648 454 1652 458 Δ

235 475 603 537 iucundum
634 478 702 536 et
732 493 953 536 carum
986 475 1225 536 sterilis
1255 473 1419 535 facit
1451 493 1612 535 uxor
1641 455 1944 535 amicum.

236 574 350 634 sed
378 576 495 634 tua
524 592 703 633 nunc
735 572 983 652 Mycale
1013 572 1232 655 pariat*
1252 572 1410 637 licet
1439 577 1504 633 et
1534 591 1767 652 pueros
1798 576 1929 633 tres

236 669 308 731 in
336 670 660 750 gremium
691 669 894 750 patris
924 669 1165 739 fundat
1196 657 1415 742 semel,
1452 669 1587 748 ipse
1616 668 1873 749 loquaci

234 767 548 847 gaudebit
576 766 756 840 nido,
789 766 1059 828 viridem
1092 766 1358 827 11101808
1387 764 1637 826 iubebit

235 864 480 926 adferri
510 864 936 944 minimasque
966 884 1163 925 nuces
1194 878 1526 943 assemque
1557 865 1879 946 rogatum,

235 962 319 1022 ad
349 981 635 1023 mensam
667 962 967 1042 quotiens
995 962 1315 1042 parasitus
1345 960 1597 1023 venerit
1625 960 1864 1021 infans,

317 1059 556 1122 vilibus
586 1059 903 1140 ancipites
932 1060 1125 1139 fungi
1156 1046 1489 1140 ponentur
1518 1058 1762 1133 amicis,

235 1158 493 1219 boletus
524 1157 809 1231 domino,
845 1158 957 1239 sed
987 1157 1209 1237 quales
1243 1156 1554 1218 Claudius
1585 1156 1722 1217 edit

235 1260 389 1317 ante
418 1255 608 1316 illum
636 1255 875 1328 uxoris,
910 1260 1057 1335 post
1088 1275 1281 1335 quem
1309 1254 1476 1314 nihil
1509 1254 1786 1333 amplius
1816 1253 1972 1315 edit.

318 1352 514 1414 Virro
546 1352 667 1414 sibi
698 1356 764 1413 et
794 1351 1061 1432 reliquis
1091 1352 1481 1413 Virronibus
1511 1352 1624 1412 illa
1652 1351 1903 1412 iubebit

234 1469 429 1530 poma
458 1449 619 1523 dari,
656 1469 933 1530 quorum
963 1450 1097 1510 solo
1127 1450 1407 1556 pascaris
1438 1448 1654 1533 odore,

236 1543 454 1623 qualia
481 1545 846 1630 perpetuus
868 1536 1234 1604 Ρ11808011111
1240 1520 1618 1604 autumnus
1647 1541 1946 1615 habebat,

237 1641 497 1702 credere
528 1660 691 1721 quae
720 1641 923 1720 possis
953 1641 1259 1720 subrepta
1289 1640 1615 1701 sororibus
1645 1639 1868 1700 Afris.

236 1740 311 1798 tu
344 1736 819 1815 scabiesrueris
849 1737 1023 1810 mali,
1060 1737 1279 1818 quod
1262 1758 1331 1797 111
1356 1756 1588 1822 aggere
1617 1736 1792 1797 rodit

237 1824 350 1916 qui
382 1836 631 1916 tegitur
659 1856 884 1916 parma
914 1840 979 1896 et
1009 1835 1650 1921 galeametuensque
1681 1833 1919 1914 flagelli

237 1931 429 1993 discit
459 1933 539 1993 ab
568 1932 823 1993 hirsuta
851 1932 1136 1993 iaculum
1167 1936 1471 2012 torquere
1501 1932 1764 2012 capella.

310 2029 596 2115 ‘forsitan
626 2030 934 2110 inpensae
964 2029 1308 2092 Virronem
1341 2049 1603 2110 parcere
1635 2029 1875 2090 credas,

236 2127 360 2190 hoc
391 2127 527 2209 agit
558 2132 633 2190 ut
665 2128 881 2202 doleas
907 2148 925 2205 ;
955 2147 1106 2189 nam
1138 2147 1302 2209 quae
1336 2127 1689 2201 comoedia,
1724 2127 1960 2189 mimus

151 2260 158 2276 2
237 2227 382 2307 quis
414 2226 640 2287 melior
670 2226 967 2306 plorante
997 2227 1151 2306 gula
1183 2226 1211 2287 Ρ
1295 2247 1447 2307 ergo
1480 2225 1696 2287 omnia
1724 2226 1914 2298 fiunt,

236 2324 290 2385 si
319 2323 548 2397 nescis,
584 2328 661 2384 ut
688 2343 801 2403 per
828 2323 1125 2384 lacrimas
1154 2325 1486 2409 effundere
1515 2323 1712 2384 bilem

237 2422 487 2502 cogaris
516 2441 864 2501 pressoque
896 2421 1008 2481 diu
1042 2421 1315 2482 strid‘ete
1348 2421 1595 2484 molari.

240 2522 315 2579 tu
347 2518 469 2579 tibi
499 2518 662 2580 liber
683 2517 877 2578 homo
907 2521 973 2578 et
1002 2518 1170 2598 regis
1202 2518 1474 2579 conviva
1504 2517 1782 2590 videris.

237 2620 504 2718 0811111811
534 2621 600 2676 10
633 2615 860 2694 nidore
892 2634 1043 2676 suae
1073 2619 1266 2726 putat
1297 2615 1407 2678 ille
1439 2614 1715 2688 culinae,

236 2732 356 2775 nec
386 2689 551 2774 male
581 2712 949 2787 coniectat3
981 2712 1123 2806 quis
1154 2713 1327 2773 enim
1358 2717 1494 2774 tam
1524 2713 1761 2786 nudus,
1797 2716 1872 2772 ut
1900 2711 2088 2773 illum

235 2810 334 2872 bis
362 2812 463 2872 101
465 2814 554 2884 81
591 2796 949 2871 Ε11118011111
977 2830 1179 2890 puero
1211 2810 1263 2871 si
1295 2810 1576 2896 contigit
1608 2829 1841 2870 aurum

235 2907 338 2971 vel
366 2909 577 2969 nodus
608 2911 869 2969 tantum
900 2910 966 2967 01
997 2907 1258 2987 signum
1288 2907 1367 2968 de
1398 2926 1682 3037 paupere
1711 2905 1906 2967 loro?

236 3025 379 3085 spes
407 3006 569 3066 bene
600 3004 872 3066 cenandi
903 3024 1015 3066 vos
1046 3005 1308 3085 decipit.
1406 3010 1590 3066 ‘ecce
1620 3003 1846 3065 dabit
1830 3024 1958 3065 18111

236 3110 553 3164 semesum
582 3103 867 3183 leporem
898 3105 1093 3183 atque
1122 3103 1369 3183 aliquid
1401 3104 1480 3163 de
1511 3102 1812 3164 clunibus
1841 3102 2001 3182 apri,

235 3200 318 3262 ad
345 3220 463 3262 nos
494 3201 619 3262 iam
651 3200 869 3261 veniet
898 3201 1110 3262 minor
1139 3200 1387 3262 altilis.5
1471 3201 1624 3262 inde
1653 3205 1880 3280 parato

234 3297 612 3379 intactoque
643 3318 863 3359 omnes
895 3303 960 3360 et
991 3299 1219 3360 stricto
1249 3318 1416 3379 pane
1447 3298 1697 3360 tacetis.

234 3394 345 3456 ille
373 3395 544 3476 sapit
574 3395 686 3475 qui
717 3400 782 3457 te
815 3396 906 3457 sic
939 3396 1170 3457 utitur.
1265 3397 1483 3458 omnia
1513 3396 1684 3457 ferre

234 3492 289 3555 si
314 3497 521 3574 potes,
556 3498 622 3555 et
651 3493 862 3555 debes,
952 3495 1346 3574 pulsandum
1376 3495 1614 3556 vertice
1642 3514 1786 3586 1889

234 3590 567 3670 praebebis
598 3591 985 3671 quandoque
1015 3595 1213 3672 caput
1243 3611 1362 3653 nec
1395 3592 1558 3653 dura
1587 3591 1847 3653 timebis

235 3686 434 3769 flagra
461 3687 621 3768 pati,
655 3687 757 3749 his
786 3688 994 3769 epulis
1023 3693 1089 3751 et
1118 3688 1234 3750 tali
1265 3689 1502 3770 dignus
1532 3691 1758 3752 amico.

2317 475 2439 535 140

2318 961 2436 1021 145

2316 1449 2435 1509 150

2315 1932 2430 1993 155
2453 1946 2531 1996 V

2312 2423 2430 2483 160

2311 2910 2426 2970 165

2310 3396 2430 3459 170
