2787 4328
456 271 578 332 108
1185 280 1251 326 n.
1300 279 1496 326 rvm1
1537 276 1919 325 wvsnAms

444 433 844 514 exiguusque
871 432 1074 508 cibus,
1106 450 1312 494 mersa
1336 434 1474 494 rate
1500 431 1856 510 naufragus
1881 447 2080 491 assem

443 530 599 592 dum
630 535 813 610 rogat
839 535 906 591 et
932 530 1105 611 picta
1132 550 1196 591 se
1224 532 1602 610 tempestate
1629 532 1869 589 tuetur.

525 628 729 690 tantis
758 632 945 708 parta
974 626 1158 687 malis
1189 646 1344 686 cura
1374 625 1614 686 maiore
1646 632 1952 703 metuque

446 730 819 786 servantur:
864 723 1095 784 misera
1123 727 1221 783 est
1251 721 1471 801 magni
1503 719 1802 787 custodia
1832 737 2078 778 census.

445 820 767 901 dispositis
794 819 1119 900 praedives
1146 817 1307 880 amis
1336 817 1598 897 vigilare
1631 817 1960 879 cohortem

445 937 769 980 servornm
797 922 994 979 noctu
1026 915 1288 977 Licinus
1317 915 1517 989 iubet,
1543 914 1859 977 attonitus
1886 934 2004 995 pro

446 1016 681 1077 electro
710 1015 1033 1095 signisque
1062 1013 1192 1075 suis
1224 1013 1628 1093 Phrygiaque
1656 1012 1956 1075 columna

445 1118 639 1193 atque
669 1114 851 1175 ebore
879 1117 945 1174 et
972 1113 1101 1174 lata
1128 1104 1472 1173 testudine.
1561 1111 1732 1172 dolia
1761 1110 1921 1171 nudi

447 1230 575 1272 non
605 1211 831 1272 ardent
859 1209 1094 1290 cynici3
1139 1209 1191 1271 si
1222 1208 1508 1289 fregeris,
1541 1209 1745 1270 altera
1771 1209 1882 1270 fiet

445 1327 581 1370 cras
609 1309 859 1382 domus,
892 1312 1085 1386 atque
1113 1307 1332 1368 eadem
1361 1306 1629 1386 plumbo
1657 1305 1990 1367 commissa
2016 1304 2320 1370 manebit.

446 1406 645 1467 sensit
672 1406 1055 1478 Alexander,
1089 1407 1253 1466 testa
1280 1423 1432 1465 cum
1461 1403 1627 1465 vidit
1654 1403 1723 1465 in
1753 1403 1864 1464 illa

446 1524 753 1584 magnum
782 1502 1228 1576 habitatorem,
1262 1506 1506 1581 quanto
1533 1500 1781 1563 felicior
1808 1500 1916 1562 hic
1945 1500 2057 1580 qui

448 1602 540 1663 nil
570 1604 832 1681 cuperet
861 1620 1054 1680 quam
1084 1599 1195 1680 qui
1227 1602 1439 1661 totum
1469 1598 1588 1661 sibi
1618 1601 1905 1678 posceret
1933 1598 2147 1660 orbem

446 1719 746 1780 passurus
773 1698 970 1777 gestis
998 1697 1330 1777 aequanda
1356 1696 1643 1777 pericula
1670 1696 1878 1758 rebus.

448 1797 703 1858 nullum
733 1815 973 1857 numen
1003 1795 1197 1857 habes
1225 1794 1273 1856 si
1307 1794 1393 1856 sit
1421 1793 1788 1874 prudentia,
1820 1813 1937 1856 nos
1965 1798 2051 1869 te,

448 1913 562 1956 nos
589 1893 881 1967 facimus,
915 1893 1225 1967 Fortuna,
1259 1892 1467 1954 deam.
1556 1910 1852 1953 mensura
1882 1894 2097 1954 tamen
2127 1911 2288 1971 quae

422 1992 718 2054 ,sufficiat
747 1992 993 2064 census,
1028 1989 1228 2069 siquis
1257 2009 1358 2051 me
1386 1989 1698 2063 consulat,
1733 1989 1947 2051 edam:

446 2090 515 2152 in
547 2093 864 2172 quantum
893 2087 1030 2149 sitis
1058 2090 1251 2168 atque
1279 2087 1479 2148 fames
1506 2089 1572 2148 et
1598 2087 1840 2167 frigora
1866 2089 2162 2167 poscunt,

449 2192 789 2269 quantum,
824 2186 1124 2267 Epicure,
1158 2185 1277 2247 tibi
1307 2185 1519 2266 parvis
1548 2185 1799 2247 suffecit
1826 2185 1896 2246 in
1926 2184 2147 2260 hortis,

450 2291 766 2365 quantum
797 2283 1098 2346 Socratici
1128 2286 1438 2364 ceperunt
1465 2286 1614 2345 ante
1642 2286 1929 2363 penates3

449 2402 802 2462 numquam
831 2381 1006 2443 aliud
1038 2385 1292 2456 natura,
1324 2379 1503 2443 aliud
1534 2379 1846 2460 sapientia
1872 2379 2050 2442 dicit.

448 2480 696 2542 acribus
723 2478 1030 2559 exemplis
1061 2478 1275 2540 videor
1304 2480 1371 2539 te
1401 2477 1655 2540 cludere
1674 2479 1705 2537 Ρ
1786 2477 1980 2539 misce

448 2598 598 2658 ergo
625 2576 867 2657 aliquid
901 2576 1134 2639 nostris
1162 2578 1240 2638 de
1269 2575 1574 2650 moribus,
1609 2576 1781 2638 effice
1810 2595 2125 2637 summam

448 2676 545 2738 bis
572 2679 813 2755 septem
842 2674 1175 2736 ordinibus
1204 2694 1399 2754 quam
1427 2674 1529 2735 lex
1559 2673 1865 2752 dignatur
1895 2672 2186 2735 Othonis.

449 2774 603 2835 haec
633 2792 884 2853 quoque
914 2772 966 2835 si
994 2791 1221 2851 rugam
1251 2771 1456 2833 trahit
1484 2770 1905 2849 extenditque
1931 2770 2257 2847 labellum,

450 2890 628 2932 sume
656 2870 816 2931 duos
844 2869 1110 2949 equites,
1144 2869 1248 2931 fac
1278 2870 1466 2931 tertia
1498 2868 1983 2948 quadringenta.

450 2967 502 3029 si
531 2967 821 3029 nondum
850 2967 1088 3047 inplevi
1118 2968 1457 3048 gremium,
1493 2967 1545 3028 si
1575 2966 1885 3047 panditur
1914 2966 2106 3040 ultra,

449 3085 567 3127 nec
599 3064 810 3128 Croesi
839 3066 1103 3127 fortuna
1132 3085 1439 3146 umquam
1471 3084 1587 3127 nec
1617 3063 1867 3126 Persica
1893 3082 2090 3144 regna

451 3163 768 3225 sufficient
796 3162 1011 3224 animo
1041 3182 1159 3224 nec
1188 3162 1449 3225 divitiae
1478 3161 1781 3235 Narcissi,

450 3260 723 3323 indulsit
754 3259 979 3322 Caesar
1007 3260 1111 3322 cui
1145 3260 1456 3323 Claudius
1485 3258 1719 3333 omnia,
1754 3257 1940 3320 cuius

451 3358 670 3440 paruit
696 3358 979 3439 imperiis
1008 3377 1273 3420 uxorem
1301 3358 1585 3419 occidere
1613 3357 1840 3418 iussus.

1315 3533 1617 3588 SATVRA
1661 3531 1767 3585 XV

454 3652 611 3727 Quis
636 3652 859 3726 nescit,
894 3651 1122 3714 Volusi
1152 3651 1515 3732 Bithynice,
1550 3651 1764 3730 qualia
1790 3651 2052 3713 demens

453 3750 778 3830 Aegyptos
804 3750 1102 3830 portenta
1129 3748 1297 3811 colat
1314 3749 1345 3809 ’ἓ
1426 3748 1789 3810 crocodilon
1816 3749 2038 3810 adorat

2534 821 2663 879 305

2539 1309 2667 1368 310
2739 1388 2746 1393 ι

2543 1799 2661 1858 315

2537 2288 2661 2349 320

2536 2777 2655 2836 325

2542 3267 2659 3326 330
