2787 4328
466 286 510 349 6
1194 301 1257 348 n.
1309 303 1507 350 1vN11
1552 304 1938 351 1vvmums

466 472 729 516 securus
756 453 912 515 licet
941 451 1208 515 Aenean
1238 453 1691 535 Rutulumque
1720 455 2003 518 ferocem

467 550 856 624 committaS,
891 549 1056 611 nulli
1086 551 1298 630 gravis
1328 556 1427 612 est
1456 541 1797 632 percussus
1828 553 2116 616 Achilles

466 652 581 709 aut
611 647 895 709 multum
925 648 1256 728 quaesitus
1287 648 1493 730 Hylas
1523 669 1883 730 urnamque
1913 655 2175 713 secutus
2205 673 2221 714 ε

466 765 615 807 ense
644 745 825 807 velut
855 745 1083 807 stricto
1115 727 1422 826 quotiens‘
1437 745 1743 808 ‘Lucilius
1772 748 2004 811 ardens
2558 755 2682 815 165

465 842 830 919 infremuit,
865 843 1054 905 rubet
1085 843 1346 905 auditor
1376 843 1483 905 cui
1516 844 1760 925 frigida
1790 865 1971 908 mens
2001 851 2099 908 est

467 940 866 1015 criminibus,
901 941 1102 1003 tacita
1132 942 1371 1003 sudant
1400 942 1775 1023 praecordia
1804 943 2014 1025 culpa.

465 1038 616 1099 inde
645 1038 776 1100 irae
806 1043 872 1100 et
899 1039 1221 1101 lacrimae.
1314 1043 1531 1100 tecum
1562 1040 1745 1120 prius
1774 1060 1927 1121 ergo
1957 1042 2183 1104 voluta

465 1136 623 1197 haec
653 1136 868 1198 animo
900 1144 1051 1198 ante
1085 1137 1272 1198 tubas
1297 1158 1316 1214 3
1358 1138 1689 1226 galeatum
1720 1158 1860 1200 sero
1890 1138 2090 1200 duelli

465 1232 804 1313 paenitet.’
887 1233 1179 1314 experiar
1211 1234 1367 1315 quid
1403 1231 1799 1296 concedatur
1829 1235 1896 1296 in
1926 1236 2071 1298 illos
2556 1239 2677 1301 170

466 1349 742 1410 quorum
773 1328 1105 1391 Flaminia*
1121 1331 1369 1411 tegitur
1400 1330 1562 1392 cinis
1592 1336 1788 1412 atque
1819 1323 2080 1395 Latinaf

1370 1576 1508 1628 SAT
1515 1575 1668 1628 VRA
1703 1576 1762 1627 II

466 1722 657 1785 Vltra
687 1722 1099 1785 Sauromatas
1128 1723 1357 1803 fugere
1387 1722 1541 1785 hinc
1570 1722 1734 1784 libet
1763 1728 1831 1785 et
1859 1725 2196 1804 glacialem

468 1818 822 1895 Oceanum,
857 1820 1157 1901 quotiens
1187 1820 1435 1901 aliquid
1466 1820 1544 1881 de
1575 1821 1861 1883 moribus
1892 1823 2136 1883 audent

467 1918 578 1998 qui
610 1916 840 1979 Ourios
869 1918 1179 1979 simulant
1209 1921 1274 2008 et
1307 1917 1737 1980 Bacchanalia
1765 1919 2015 1981 vivunt.

356 2098 362 2104 .
466 2015 714 2078 indocti
743 2015 1048 2097 primum,
1084 2035 1476 2096 quamquam
1504 2016 1697 2096 plena
1726 2016 1944 2079 omnia
1971 2037 2172 2099 gypso

470 2113 813 2195 Chrysippi
843 2112 1131 2176 invenias
1161 2134 1178 2191 3
1222 2133 1372 2175 nam
1402 2114 1913 2195 perfectissimus
1942 2114 2199 2192 horum,
2640 2120 2679 2179 5

467 2211 520 2274 si
551 2212 695 2292 quis
727 2212 1126 2273 Aristotelen
1158 2212 1435 2273 similem
1465 2212 1566 2274 vel
1599 2212 1901 2275 Pittacon
1932 2214 2091 2275 emit

466 2315 534 2372 et
561 2310 743 2373 iubet
773 2309 1158 2391 archetypos
1187 2310 1491 2391 pluteum
1522 2330 1771 2373 servare
1804 2311 2172 2374 Cleanthas·

467 2407 704 2470 frontis
734 2407 914 2469 nulla
944 2408 1099 2469 fides
1130 2429 1148 2484 3
1192 2407 1336 2488 quis
1368 2408 1542 2469 enim
1572 2428 1706 2470 non
1736 2409 1917 2471 vicus
1948 2409 2239 2471 abundat

467 2504 766 2566 tristibus
796 2505 1126 2566 obscaenis
1158 2504 1187 2567 Ρ
1268 2505 1547 2586 castigas
1578 2505 1817 2587 turpia,
1854 2526 2002 2568 cum
2034 2506 2118 2568 sis

467 2603 640 2664 inter
672 2601 1030 2665 Socraticos
1060 2602 1400 2664 notissima
1428 2603 1601 2665 fossa
1630 2603 1931 2666 cinaedos
1958 2604 1986 2666 Ρ
2605 2608 2680 2667 10
2763 2638 2769 2663 2

467 2699 723 2781 hispida
751 2700 1039 2761 membra
1068 2699 1332 2780 quidem
1361 2704 1429 2761 et
1459 2701 1659 2793 durae
1689 2720 1804 2781 per
1833 2700 2134 2763 bracchia
2161 2704 2374 2764 saetae

401 2792 405 2798 ’
467 2796 867 2878 promittunt
896 2802 1179 2859 atrocem
1210 2792 1524 2871 animuni,
1560 2798 1672 2858 sed
1700 2797 1930 2878 podice
1958 2797 2086 2860 levi

470 2895 831 2956 caeduntur
859 2893 1149 2955 tumidae
1179 2894 1431 2956 medico
1461 2894 1716 2956 ridente
1747 2895 2075 2958 mariscae.

468 3011 651 3053 rarus
680 3011 888 3053 sermo
918 2992 1045 3053 illis
1076 2996 1142 3053 et
1171 3011 1408 3072 magna
1434 2991 1638 3054 libido
1666 2992 1926 3054 tacendi
1995 3021 2000 3025 ·

469 3098 664 3170 atque
694 3089 1038 3169 supercilio
1067 3089 1318 3152 brevior
1348 3109 1550 3151 coma.
1640 3089 1854 3151 verius
1883 3110 2035 3171 ergo
2607 3095 2682 3154 15

470 3190 535 3248 et
565 3186 768 3267 magis
797 3186 1079 3267 ingenue
1111 3187 1513 3249 Peribomius
1539 3208 1556 3264 3
1598 3186 1775 3249 hunc
1806 3207 1923 3268 ego
1953 3187 2109 3249 fatis

470 3284 725 3364 input0,
762 3284 874 3365 qui
905 3285 1093 3346 vultu
1126 3286 1426 3347 morbum
1458 3285 1840 3366 incessuque
1870 3285 2138 3347 fatetur.

470 3380 706 3443 horum
736 3381 1120 3462 simplicitas
1153 3382 1553 3456 miserabilis,
1588 3382 1690 3444 his
1719 3383 1903 3444 furor
1932 3382 2068 3463 ipse

472 3478 586 3539 dat
615 3479 869 3541 veniam
898 3500 916 3557 3
961 3480 1073 3541 sed
1101 3480 1371 3560 peiores,
1408 3479 1521 3560 qui
1552 3480 1710 3541 talia
1736 3480 1945 3542 verbis

473 3575 776 3637 Herculis
806 3577 1127 3638 invadunt
1158 3580 1223 3638 et
1255 3577 1332 3638 de
1364 3577 1609 3639 virtute
1639 3577 1843 3639 locuti
2607 3583 2684 3641 20

474 3673 732 3735 clunem
762 3673 1036 3754 agitant.
1133 3679 1152 3707 ‘
1172 3694 1290 3755 ego
1321 3679 1387 3736 te
1420 3677 1775 3757 celent—em,
1813 3674 2028 3750 Sexte,
2061 3674 2329 3737 verebor
2354 3673 2423 3737 ?’

474 3770 737 3834 infamis
770 3771 1056 3834 Varillus
1086 3772 1180 3833 ait
1216 3777 1235 3805 ‘
1253 3791 1381 3853 quo
1413 3772 1695 3836 deterior
1724 3778 1790 3835 te
1819 3773 1847 3837 Ρ
