2787 4328
1111 304 1378 351 SATVRA
1424 305 1502 351 XI

170 453 481 516 officium
512 453 674 516 vatis
700 454 1174 535 peragentibus.
1262 455 1363 517 his
1392 455 1649 518 monuit
1678 475 1812 530 nos,

172 554 362 615 hanc
392 552 583 614 rebus
614 551 815 613 Latiis
844 571 1065 614 curam
1095 557 1412 632 praestare
1442 554 1680 616 solebat

172 650 412 713 fictilis
440 653 507 712 et
533 649 715 710 nullo
745 649 1019 711 violatus
1048 650 1344 731 Iuppiter
1372 671 1547 715 auro.

172 748 305 810 illa
332 747 510 810 domi
543 750 722 808 natas
752 750 1095 827 nostraque
1124 767 1201 810 ex
1231 750 1452 810 arbore
1480 769 1727 812 mensas
1804 736 1809 741 ’

175 850 485 927 tempora
511 845 844 920 viderunt-3
890 845 1011 906 hoc
1041 844 1294 925 lignum
1325 847 1534 909 stabat
1560 848 1640 910 ad
1671 867 1844 923 usus,

176 963 499 1006 annosam
527 943 579 1005 si
608 943 777 1005 forte
808 961 1040 1004 nucem
1073 943 1384 1006 deiecerat
1412 965 1625 1007 eurus.

176 1045 258 1102 at
289 1061 465 1103 nunc
493 1040 800 1103 divitibus
828 1040 1098 1102 cenandi
1129 1042 1311 1104 nulla
1338 1036 1654 1123 voluptas,

181 1138 287 1200 nil
315 1139 642 1213 rhombus,
676 1139 770 1200 nil
800 1139 1056 1201 damma
1084 1139 1270 1220 sapit,
1304 1144 1531 1221 putere
1561 1141 1863 1203 videntur

182 1247 527 1317 unguenta
554 1239 744 1317 atque
768 1256 968 1326 rosae,
1005 1236 1167 1299 latos
1201 1237 1325 1299 nisi
1355 1237 1628 1300 sustinet
1656 1239 1835 1302 orbes

181 1335 431 1414 grande
459 1335 617 1397 ebur
644 1338 709 1396 et
737 1354 969 1415 magno
998 1334 1289 1397 sublimis
1316 1337 1555 1416 pardus
1582 1336 1765 1398 hiatu

183 1432 493 1495 dentibus
519 1452 596 1495 ex
626 1432 753 1494 illis
782 1452 939 1513 quos
968 1432 1176 1494 mittit
1205 1438 1390 1514 porta
1422 1433 1654 1513 Syenes

181 1533 252 1591 et
283 1529 497 1591 Mauri
525 1530 755 1592 celeres
782 1533 847 1591 et
877 1529 1104 1591 Mauro
1134 1531 1459 1592 obscurior
1488 1532 1713 1606 Indus,

179 1631 251 1689 et
279 1648 441 1708 quos
469 1627 765 1708 deposuit
793 1628 1118 1690 Nabataeo
1146 1628 1335 1690 belua
1363 1629 1531 1690 saltu

179 1725 314 1787 iam
344 1725 577 1788 nimios
604 1725 925 1806 capitique
954 1745 1197 1807 graves.
1282 1726 1438 1788 hinc
1466 1726 1673 1808 surgit
1702 1728 1926 1802 orexis,

178 1824 339 1886 hinc
368 1824 691 1886 stomacho
720 1823 913 1900 vires3
956 1843 1108 1886 nam
1138 1844 1248 1906 pes
1276 1830 1616 1904 argenteus
1644 1825 1792 1898 illis,

177 1923 418 1984 anulus
446 1921 515 1982 in
545 1921 749 2001 digito
778 1922 947 2001 quod
979 1922 1241 1985 ferreus.
1333 1942 1483 2004 ergo
1511 1923 1855 2004 superbum

178 2019 516 2081 convivam
545 2039 752 2092 cave0‚
787 2018 899 2099 qui
930 2040 1031 2082 me
1061 2020 1179 2082 sibi
1211 2024 1537 2100 comparat
1564 2012 1630 2082 et
1658 2041 1756 2083 res

178 2116 453 2198 despicit
480 2116 757 2198 exiguas.
848 2117 1004 2180 adeo
1032 2118 1213 2180 nulla
1241 2118 1431 2180 uncia
1459 2118 1640 2181 nobis

176 2220 277 2278 est
297 2215 522 2290 eboris,
558 2236 673 2277 nec
705 2216 983 2277 tessellae
1016 2234 1131 2276 nec
1162 2215 1445 2277 calculus
1473 2236 1550 2278 ex
1578 2216 1699 2278 hac

176 2314 466 2388 materia,
502 2314 661 2394 quin
691 2314 827 2394 ipsa
856 2313 1193 2375 manubria
1220 2315 1629 2375 cultellorum

174 2432 370 2475 ossea.
457 2432 589 2474 non
618 2415 835 2473 tamen
863 2410 966 2473 his
995 2410 1128 2472 ulla
1157 2431 1466 2491 umquam
1495 2413 1753 2474 obsonia
1780 2414 1950 2474 fiunt

173 2510 509 2572 rancidula
536 2513 651 2571 aut
680 2509 822 2571 ideo
849 2508 1028 2589 peior
1055 2509 1295 2589 gallina
1325 2512 1595 2570 secatur.

173 2610 282 2670 sed
313 2627 433 2670 nec
461 2611 741 2692 structor
769 2607 892 2668 erit
920 2607 1024 2668 0111
1056 2607 1275 2669 cedere
1304 2608 1528 2668 debeat
1557 2608 1765 2670 omnis

173 2706 461 2787 pergula,
496 2704 850 2786 discipulus
879 2704 1194 2785 Trypheri
1225 2704 1523 2778 doctoris,
1558 2709 1718 2786 aput
1747 2725 1937 2786 quem

172 2803 424 2865 sumine
454 2823 604 2865 cum
634 2822 867 2882 magno
896 2802 1079 2883 lepus
1108 2806 1299 2882 atque
1328 2822 1482 2883 aper
1511 2806 1577 2863 et
1604 2822 1923 2884 pygargus

171 2891 238 2963 01
268 2900 598 2982 Scythicae
627 2901 915 2962 volucres
941 2903 1007 2961 et
1034 2900 1569 2981 phoenicopterus
1597 2900 1825 2980 ingens

171 3002 237 3060 01
267 2999 578 3061 Gaetulus
606 3019 760 3079 oryx
789 2997 1004 3059 hebeti
1034 2997 1389 3059 lautissima
1417 2997 1588 3060 ferro

172 3097 462 3159 caeditur
490 3100 556 3159 et
583 3100 721 3158 tota
748 3100 932 3158 sonat
960 3096 1173 3157 ulmea
1202 3116 1357 3158 cena
1387 3096 1703 3180 Subur-35·-
1738 3087 1759 3110 ‘

173 3214 289 3256 nec
317 3194 604 3256 frustum
634 3213 891 3274 capreae
920 3194 1271 3255 subducere
1300 3213 1417 3254 nec
1445 3193 1615 3255 latus
1646 3193 1840 3256 Afrae

174 3292 353 3354 novit
381 3291 513 3354 avis
545 3296 778 3365 noster,
816 3291 1180 3353 tirunculus
1208 3312 1279 3353 ac
1310 3291 1489 3352 rudis
1518 3292 1691 3353 omni

174 3393 457 3470 tempore
486 3392 552 3452 01
581 3389 842 3469 exiguae
872 3389 1068 3450 furtis
1097 3388 1364 3449 inbutus
1393 3388 1638 3451 ofellae.

172 3486 448 3569 plebeios
477 3486 699 3549 calices
728 3490 794 3548 et
822 3485 1041 3567 paucis
1070 3485 1311 3547 assibus
1339 3490 1586 3567 emptos

173 3585 456 3666 porriget
484 3583 769 3646 incultus
796 3605 956 3665 puer
985 3587 1175 3664 atque
1203 3604 1241 3645 a
1268 3583 1506 3663 frigore
1536 3589 1740 3646 tutus.

174 3703 303 3745 non
333 3683 549 3762 Phryx
578 3686 693 3745 aut
723 3681 974 3762 Lycius,
1009 3702 1137 3744 non
1169 3703 1206 3744 a
1234 3701 1550 3761 mangone
1579 3683 1824 3766 petitus

175 3781 509 3863 quisquam
537 3780 681 3855 erit,
715 3783 782 3841 et
809 3799 1071 3860 magno:
1116 3800 1264 3841 cum
1293 3797 1530 3858 posces,
1564 3800 1750 3861 posce
1779 3781 2027 3845 Latine.

2290 559 2407 620 115

2284 1049 2399 1109 120

2277 1538 2391 1597 125

2271 2026 2386 2085 130

2265 2516 2380 2576 135

2264 3004 2378 3063 140
2499 3080 2530 3100 ,-

2261 3492 2375 3550 145
