2787 4328
424 265 510 349 36
1165 280 1230 324 D.
1281 279 1479 325 1vu11
1519 279 1904 326 1vvnNAL1s

420 430 681 495 labente
711 430 921 494 officio
951 430 1169 492 crudis
1200 429 1679 503 donanda,.nec
1709 429 1877 492 illud

424 529 598 611 quod
626 528 837 610 prima
866 547 983 608 pro
1011 530 1203 588 nocte
1233 527 1452 600 datur,
1488 547 1639 588 cum
1667 527 1854 589 lance
1883 530 2073 590 beata

424 626 705 688 Dacicus
733 630 800 687 et
830 624 1072 705 scripto
1101 624 1312 685 radiat
1345 623 1769 686 Germanicus
1799 645 1975 691 auro.

423 723 477 785 si
504 723 625 784 tibi
655 722 1036 803 simplicitas
1065 720 1312 794 uxoria,
1348 721 1610 783 deditus
1650 721 1765 782 uni

424 825 522 882 est
549 819 825 894 animus,
860 819 1196 880 summitte
1226 822 1425 898 caput
1455 819 1701 880 cervice
1732 824 1957 900 parata

423 918 592 979 ferre
621 918 867 998 iugum.
953 916 1201 977 nullam
1230 915 1522 978 invenies
1555 936 1720 996 quae
1749 920 1975 996 parcat
2005 918 2255 980 amanti
2289 936 2308 992 3

424 1016 647 1076 ardeat
675 1015 814 1095 ipsa
836 1015 1014 1088 licet,
1049 1014 1393 1075 tormentis
1424 1014 1669 1094 gaudet
1698 1014 1980 1076 amantis

424 1116 491 1173 et
519 1112 739 1193 spoliis
765 1133 783 1190 3
824 1112 1030 1192 igitur
1056 1112 1249 1191 longe
1279 1110 1496 1173 minus
1527 1112 1711 1173 utilis
1740 1111 1836 1172 illi

425 1230 607 1284 uxor,
643 1209 933 1292 quisquis
963 1210 1087 1271 erit
1116 1209 1324 1270 bonus
1355 1209 1810 1290 optandusque
1841 1210 2132 1273 maritus,

423 1308 517 1368 nil
548 1326 857 1387 umquam
885 1307 1093 1368 invita
1122 1306 1392 1367 donabis
1423 1307 1724 1387 coniuge,
1759 1308 1999 1370 vendes

422 1404 546 1467 hac
574 1409 875 1485 opstante
903 1404 1091 1479 nihil,
1124 1403 1292 1464 nihil
1321 1403 1482 1466 haec
1512 1405 1564 1465 si
1594 1405 1775 1466 nolet
1804 1408 2077 1467 emetur.

423 1502 583 1564 haec
612 1501 794 1563 dabit
821 1502 1116 1575 affectuS,
1157 1500 1306 1561 ‘ille
1336 1501 1762 1562 excludatur’
1791 1500 2039 1583 amicus

426 1594 555 1660 iam
585 1599 819 1674 senior,
854 1599 1040 1661 cuius
1069 1599 1334 1660 barbam
1363 1602 1481 1660 tua
1510 1598 1705 1660 ianua
1733 1599 1922 1662 vidit.

425 1697 711 1759 testandi
741 1717 892 1758 011111
920 1697 1006 1758 sit
1033 1697 1377 1757 lenonibus
1408 1701 1603 1777 atque
1632 1697 1886 1758 lanistis

424 1795 691 1856 libertas
721 1798 787 1855 et
819 1794 978 1855 iuris
1009 1793 1182 1855 idem
1213 1794 1555 1874 contingat
1583 1794 1883 1868 harenae,

428 1911 557 1952 non
589 1912 758 1953 unus
788 1892 908 1952 tibi
939 1892 1156 1952 rivalis
1180 1892 1538 1952 dictabitur
1566 1891 1771 1955 hereS.

434 1994 453 2021 ‘
473 2009 642 2069 pone
672 2009 928 2050 crucem
959 1988 1188 2050 serv0.'
1277 1990 1555 2050 ‘meruit
1579 2009 1707 2069 quo
1739 1990 2009 2052 crimine
2041 2011 2265 2053 servus

427 2086 820 2167 supplicium
851 2086 880 2146 Ρ
946 2086 1090 2164 quis
1121 2086 1304 2147 testis
1334 2087 1518 2147 adest
1543 2086 1571 2147 Ρ
1634 2086 1777 2167 quis
1809 2088 2049 2148 detulit
2074 2088 2102 2149 Ρ
2171 2088 2325 2150 audi
2355 2109 2376 2166 3

428 2185 609 2244 nulla
639 2203 946 2264 umquam
975 2184 1055 2245 de
1083 2188 1290 2244 morte
1321 2185 1602 2246 hominis
1634 2186 1970 2248 cunctatio
1999 2186 2196 2266 longa
2225 2186 2373 2249 est.'

433 2287 452 2314 ‘
477 2302 513 2342 o
544 2282 826 2354 demens,
861 2280 954 2341 ita
984 2300 1202 2342 servus
1231 2280 1426 2342 homo
1457 2286 1554 2343 est
1586 2282 1614 2343 P
1682 2283 1777 2343 nil
1808 2284 2060 2357 fecerit,
2096 2289 2235 2345 esto
2262 2305 2278 2345 ε

428 2380 550 2439 hoc
581 2379 746 2451 volo,
783 2378 873 2439 sic
902 2377 1115 2451 iube0,
1151 2379 1236 2439 sit
1265 2399 1382 2466 pro
1414 2380 1665 2442 ratione
1695 2380 2048 2442 voluntas.’

429 2475 704 2555 imperat
734 2495 886 2555 ergo
915 2475 1071 2537 vir0.
1164 2476 1275 2537 sed
1305 2463 1455 2537 mox
1483 2477 1640 2539 haec
1672 2498 1871 2558 regna
1899 2478 2212 2559 relinquit

428 2577 885 2652 permutatque
918 2573 1139 2633 domos
1168 2576 1234 2634 et
1263 2573 1559 2634 flammea
1588 2574 1890 2648 conterit,
1915 2575 2066 2636 inde

430 2670 642 2731 avolat
673 2675 739 2731 et
768 2670 967 2751 spreti
999 2669 1239 2749 repetit
1269 2670 1545 2750 vestigia
1572 2670 1725 2732 lecti
1757 2692 1776 2747 ;

431 2771 687 2828 ornatas
717 2768 911 2847 paulo
940 2771 1091 2827 ante
1122 2768 1314 2841 fores,
1348 2768 1703 2847 pendentia
1730 2768 1976 2849 linquit

429 2864 569 2926 vela
599 2865 828 2925 domus
858 2868 924 2924 et
954 2864 1166 2924 adhuc
1197 2864 1433 2926 virides
1462 2863 1532 2925 in
1562 2864 1786 2926 limine
1810 2885 2037 2927 ramos,

301 3000 306 3004 -
430 2961 520 3022 sic
552 2961 783 3022 crescit
814 2981 1148 3035 numerus,
1184 2961 1274 3022 sic
1307 2963 1477 3023 fiunt
1510 2967 1656 3023 octo
1687 2962 1907 3023 mariti

431 3058 716 3139 quinque
747 3077 860 3138 per
888 3062 1259 3132 autumnos,
1296 3059 1495 3120 titulo
1522 3079 1621 3121 res
1653 3059 1852 3139 digna
1881 3058 2177 3140 sepulcri.

510 3156 905 3235 desperanda
934 3156 1054 3217 tibi
1086 3157 1259 3217 salva
1284 3157 1630 3218 concordia
1659 3176 1865 3220 socrn.

430 3252 542 3314 illa
571 3254 759 3315 docet
790 3254 1009 3333 spoliis
1040 3254 1202 3314 nudi
1235 3255 1516 3334 gaudere
1547 3254 1788 3328 mariti,

430 3351 540 3411 illa
571 3351 760 3412 docet
790 3351 999 3413 missis
1029 3372 1066 3413 a
1098 3356 1475 3432 corruptore
1509 3352 1763 3413 tabellis

429 3449 523 3508 nil
553 3450 712 3509 rude
743 3470 860 3510 nec
885 3449 1157 3529 simplex
1188 3449 1557 3522 rescribere,
1596 3449 1840 3529 decipit
1871 3449 1981 3510 illa

431 3548 729 3609 custodes
760 3551 874 3607 aut
906 3567 1048 3607 aere
1081 3547 1320 3608 domat.
1413 3552 1572 3607 tunc
1604 3567 1866 3626 corpore
1898 3566 2052 3608 sano

430 3644 703 3705 advocat
736 3644 1147 3723 Archigenen
1180 3663 1571 3724 onerosaque
1607 3644 1804 3723 pallia
1834 3644 2054 3705 iactat.

430 3741 690 3804 abditus
720 3741 968 3803 interea
994 3741 1160 3802 latet
1188 3745 1255 3803 et
1281 3745 1567 3804 secretus
1597 3740 1875 3816 adulter,

2350 0 2760 407 '¹

2514 632 2636 690 205

2734 836 2760 897 ‘⁴

2514 1082 2641 1176 210

2742 1422 2760 1483 1

2515 1605 2639 1663 215

2515 2093 2639 2152 220
2728 2034 2760 2097 ⁴

2517 2581 2642 2640 225
2754 2633 2760 2656 .

2514 3065 2641 3125 230
2756 2965 2760 3118 ἕ

2758 3189 2759 3220 r

2710 3380 2760 3442 -ς

2513 3554 2634 3614 235
