2787 4328
375 308 464 370 44
1115 302 1177 348 n.
1230 303 1424 351 1vN11
1467 302 1850 352 IVVENALIS

373 455 630 536 inponit
657 455 851 516 finem
882 453 1130 535 sapiens
1157 458 1222 517 et
1250 455 1439 517 rebus
1465 454 1777 532 honestis3

374 573 524 616 nam
554 572 713 633 quae
741 552 928 614 docta
955 552 1147 613 nimis
1174 553 1356 633 cupit
1382 557 1449 615 et
1479 553 1758 615 facunda
1789 553 2011 629 videri,

372 671 555 713 crure
584 654 771 711 tenus
798 650 1009 712 medio
1038 649 1287 711 tunicas
1316 651 1681 730 succingere
1710 652 1918 726 debet,

372 750 627 810 caedere
657 747 913 809 Silvano
940 767 1228 828 porcum,
1266 750 1619 829 quadrante
1645 744 1864 811 lavari.

372 867 501 909 non
531 846 762 908 habeat
790 849 1098 919 matrona,
1135 846 1253 907 tibi
1285 865 1445 925 quae
1474 847 1693 909 iuncta
1721 847 2057 923 recumbit,

372 945 627 1006 dicendi
655 964 879 1024 genuS,
913 949 1027 1005 aut
1054 964 1322 1006 curvum
1353 966 1639 1007 sermone
1669 948 1876 1007 rotato

371 1045 666 1122 torqueat
692 1042 1119 1122 enthymema,
1156 1063 1271 1105 nec
1302 1043 1599 1105 historias
1627 1043 1784 1105 sciat
1811 1062 2050 1118 omneS,

371 1139 481 1200 sed
511 1140 819 1219 quaedam
848 1160 923 1201 ex
952 1140 1132 1201 libris
1160 1144 1226 1202 et
1254 1160 1382 1201 non
1416 1140 1769 1221 intellegat.
1855 1141 1961 1202 odi

369 1235 535 1298 hanc
563 1256 680 1316 ego
710 1256 870 1317 quae
899 1237 1131 1317 repetit
1160 1238 1484 1318 volvitque
1516 1238 1912 1300 Palaemonis
1939 1241 2142 1300 artem

370 1336 613 1395 servata
640 1352 887 1413 semper
913 1333 1051 1414 lege
1080 1338 1145 1394 et
1173 1335 1418 1397 ratione
1445 1335 1750 1415 loquendi

369 1427 745 1509 ignotosque
774 1431 934 1491 mihi
965 1435 1140 1492 tenet
1168 1432 1532 1512 antiquaria
1561 1451 1776 1494 versus

370 1547 487 1589 nec
514 1528 796 1590 curanda
824 1528 976 1589 viris
1004 1528 1218 1609 opicae
1247 1529 1515 1607 castigat
1543 1530 1782 1592 amicae

370 1625 586 1686 verba:
630 1624 1066 1687 soloecismum
1094 1626 1282 1688 liceat
1310 1626 1531 1688 fecisse
1560 1627 1812 1689 marito.
1978 1693 2011 1705 M
2043 1693 2073 1699 ‚

449 1722 544 1782 nil
572 1742 702 1783 non
733 1722 1052 1803 permittit
1080 1724 1310 1785 mulier
1337 1724 1481 1797 sibi,
1515 1727 1703 1804 turpe
1733 1727 1921 1804 putat
1948 1725 2064 1800 nil,

369 1838 517 1880 cum
546 1818 777 1881 virides
807 1839 1086 1899 gemmas
1114 1821 1275 1882 00110
1304 1820 1729 1882 circumdedit
1756 1825 1821 1882 et
1848 1841 1998 1883 cum

369 1916 628 1978 auribus
656 1917 929 1979 extentis
957 1937 1220 1997 magnos
1247 1918 1568 1979 commisit
1597 1918 1921 1995 elenchos;

370 2012 830 2075 intolerabilius
859 2014 1022 2075 nihil
1051 2019 1145 2076 est
1174 2035 1362 2095 quam
1391 2015 1637 2077 semina
1663 2016 1859 2078 dives.

368 2110 609 2174 interea
635 2112 822 2174 foeda
849 2117 1107 2193 aspectu
1138 2114 1528 2194 ridendaque
1556 2114 1762 2177 multo

367 2227 531 2288 pane
560 2214 771 2272 tumet
798 2211 990 2271 facies
1017 2215 1131 2273 aut
1158 2211 1427 2291 pinguia
1463 2212 1840 2292 Poppaeana

367 2307 586 2386 spirat,
621 2312 687 2369 et
713 2308 866 2369 hinc
899 2308 1109 2371 miseri
1141 2309 1467 2371 viscantur
1495 2309 1669 2371 labra
1698 2310 1944 2371 mariti:

367 2404 442 2465 ad
478 2405 815 2465 moechum
844 2406 974 2467 lota
1001 2406 1270 2467 veniunt
1297 2409 1461 2467 cute.
1556 2407 1810 2485 quando
1838 2407 2040 2470 videri

367 2501 509 2563 vult
535 2503 858 2564 formonsa
885 2503 1109 2565 domi?
1190 2504 1468 2565 moechis
1495 2504 1719 2565 foliata
1747 2509 2075 2584 parantur,

366 2598 467 2661 his
494 2600 749 2674 emitur,
784 2600 1098 2680 quidquid
1128 2600 1391 2681 graciles
1420 2601 1547 2662 huc
1576 2601 1836 2663 mittitis
1863 2603 2036 2664 Indi.

367 2697 626 2758 tandem
654 2697 861 2777 aperit
889 2698 1143 2759 vultum
1173 2701 1238 2759 et
1266 2697 1536 2760 tectoria
1563 2699 1772 2778 prima
1801 2699 2077 2780 reponit,

366 2793 595 2874 incipit
622 2794 898 2874 agnosci,
932 2798 1123 2874 atque
1152 2795 1263 2856 illo
1291 2795 1453 2857 lacte
1482 2796 1738 2857 fovetur

367 2896 627 2972 propter
655 2892 825 2972 quod
856 2907 1074 2954 secum'
1098 2892 1360 2954 comites
1389 2893 1606 2955 educit
1632 2894 1853 2956 asellas

366 2989 514 3051 exul
545 2989 1026 3070 Hyperboreum
1056 2990 1107 3051 si
1138 2990 1503 3052 dimittatur
1533 2992 1624 3052 ad·
1642 3011 1845 3053 axem.

366 3087 472 3148 sed
504 3106 663 3166 quae
693 3088 956 3148 mutatis
984 3087 1319 3149 inducitur
1345 3092 1536 3167 atque
1564 3089 1820 3151 fovetur

366 3187 465 3245 tot
492 3185 1016 3247 medicaminibus
1044 3189 1378 3266 coctaeque
1409 3185 1680 3266 siliginis
1709 3187 1864 3249 offas

365 3282 598 3363 accipit
625 3287 690 3345 et
716 3284 1028 3358 madidae,
1061 3283 1251 3345 facies
1280 3283 1531 3344 dicetur
1558 3303 1638 3345 an
1671 3284 1852 3345 ulcus
1869 3286 1900 3345 Ρ

446 3383 541 3441 est
567 3382 846 3460 pretium
876 3402 1062 3445 curae
1091 3380 1349 3462 penitus
1378 3400 1750 3461 cognoscere
1780 3385 1915 3444 toto

366 3477 522 3557 quid
554 3479 792 3541 faciant
821 3480 1188 3560 agitentque
1220 3478 1340 3541 die.
1434 3479 1486 3540 si
1516 3483 1701 3541 nocte
1730 3478 2000 3543 maritus

364 3595 616 3638 aversus
642 3576 859 3650 iacuit,
892 3577 1085 3657 periit
1111 3577 1386 3651 libraria,
1422 3581 1677 3656 ponunt

364 3676 672 3735 cosmetae
701 3673 971 3748 tunicas,
1005 3675 1183 3736 tarde
1212 3674 1453 3737 venisse
1484 3674 1808 3737 Liburnus

364 3769 601 3831 dicitur
627 3774 694 3832 et
719 3790 952 3852 poenas
978 3771 1170 3834 alieni
1198 3772 1474 3853 pendere
1501 3772 1706 3834 somni

2460 562 2584 620 445

2413 1098 2417 1103 .
2456 1049 2582 1109 450

2454 1537 2575 1596 455

2449 2024 2573 2083 460

2446 2512 2571 2573 465

2445 3001 2569 3063 470

2443 3487 2567 3550 4¹75
