2787 4328
402 283 487 348 62
1141 298 1203 342 D.
1255 297 1450 342 1vn11
1492 297 1875 343 IVVENAms

406 449 667 512 nomina
694 449 1034 523 delectant,
1069 468 1324 510 omnem
1354 448 1658 511 Titanida
1687 468 1970 530 pugnam

404 547 574 609 inter
601 547 866 609 maiores
894 546 1231 628 ipsumque
1263 546 1642 609 Promethea
1670 566 1890 627 ponaS‚

405 646 483 707 de
513 664 911 726 quocumque
942 644 1111 706 voles
1138 665 1448 725 proavum
1479 644 1599 706 tibi
1628 644 1864 706 sumito
1893 645 2072 707 libro,
2140 673 2176 735 f

406 743 574 824 quod
604 744 654 804 si
682 743 1093 824 praecipitem
1124 742 1291 823 rapit
1318 742 1584 804 ambitio
1612 747 1801 823 atque
1830 743 2048 816 libido,

406 841 454 903 si
486 842 731 922 frangis
759 841 966 921 virgas
993 841 1305 903 sociorum
1335 841 1405 902 in
1435 841 1764 920 sanguine,
1799 841 1851 901 si
1882 844 1944 901 to

406 938 725 1000 delectant
754 938 1007 999 hebetes
1030 937 1193 999 lasso
1222 938 1445 999 lictore
1474 942 1740 1012 secfireS,

406 1035 634 1116 incipit
662 1035 940 1139 ipsorum
971 1039 1195 1098 contra
1223 1039 1288 1097 te
1318 1040 1485 1098 stare
1512 1039 1853 1116 parentum

407 1133 703 1194 nobilitas
732 1133 1091 1214 claramque
1113 1133 1319 1195 facem
1347 1133 1670 1213 praeferre
1699 1133 2033 1213 pudendis.

407 1249 594 1292 omne
621 1230 819 1292 animi
851 1230 1079 1291 vitium
1110 1234 1292 1292 tanto
1320 1229 1721 1308 conspectius
1749 1230 1818 1290 in
1847 1250 1910 1292 se

406 1327 644 1390 crimen
675 1327 888 1402 habet,
922 1330 1163 1407 quanto
1190 1327 1392 1390 maior
1422 1327 1533 1407 qui
1561 1331 1781 1408 peccat
1807 1327 2097 1390 habetur.

408 1444 533 1506 quo
562 1425 722 1486 mihi
752 1430 815 1487 te
844 1424 1102 1486 solitum
1132 1424 1324 1487 falsas
1351 1425 1602 1505 signare
1630 1425 1895 1487 tabellas

408 1522 475 1585 in
505 1523 760 1604 templis
788 1542 947 1602 quae
975 1522 1131 1584 fecit
1158 1543 1333 1596 avus,
1368 1526 1772 1604 statuamque
1800 1524 2080 1604 parentis

405 1624 554 1683 ante
584 1621 1036 1701 triumphalem
1056 1621 1086 1680 P
1170 1640 1317 1702 quo,
1352 1621 1404 1681 si
1437 1624 1788 1683 nocturnus
1816 1621 2067 1683 adulter

409 1723 693 1800 tempora
723 1718 1066 1781 Santonico
1095 1718 1261 1780 velas
1287 1718 1592 1799 adoperta
1619 1720 1871 1781 cucullo
1890 1722 1920 1780 P

487 1821 735 1896 praeter
762 1816 1073 1878 maiorum
1103 1816 1345 1878 cineres
1372 1821 1564 1897 atque
1592 1837 1729 1878 ossa
1756 1817 1999 1878 volucri

405 1918 707 1994 carpento
735 1914 982 1995 rapitur
1009 1913 1269 1994 pinguis
1301 1913 1673 1988 LateranuS,
1707 1918 1773 1976 et
1802 1914 1956 1995 ipse,

407 2011 539 2092 ipse
567 2016 771 2074 rotam
799 2010 1145 2090 adstringit
1174 2012 1529 2074 sufflamine
1559 2012 1759 2073 mulio
1789 2012 2032 2086 consul,

406 2113 590 2172 nocte
620 2108 898 2189 quidem,
932 2107 1050 2170 sed
1073 2107 1258 2171 Luna
1289 2109 1482 2184 videt,
1511 2110 1618 2172 sed
1649 2109 1855 2172 sidera
1883 2114 2074 2172 testes

406 2207 756 2302 integdunt
783 2208 1017 2269 oculos·
1107 2207 1366 2269 finitum
1396 2211 1648 2289 tempus
1676 2208 1934 2269 honoris

405 2325 552 2367 cuin
581 2304 801 2378 fuerit,
835 2303 1003 2366 clara
1031 2305 1382 2367 Lateranus
1424 2305 1564 2367 luce
1594 2305 1918 2385 flagellum

406 2405 614 2464 sumet
641 2405 707 2464 et
734 2421 1064 2463 occursum
1094 2422 1448 2482 numquam
1477 2402 1828 2482 trepidabit
1855 2402 2040 2464 amici

405 2499 530 2561 iam
560 2499 724 2561 senis
751 2518 824 2560 ac
853 2499 1031 2579 virga
1058 2500 1231 2581 prior
1258 2503 1501 2561 annuet
1528 2503 1719 2579 atque
1748 2500 2066 2580 maniplos

406 2598 602 2659 solvet
629 2600 694 2658 et
723 2596 1025 2658 infundet
1051 2596 1358 2659 iumentis
1386 2596 1624 2659 hordea
1653 2598 1849 2660 lassis.

405 2695 668 2768 interea,
702 2695 860 2755 dum
888 2695 1132 2756 lanatas
1159 2695 1514 2774 robumque
1543 2695 1886 2757 iuvencum

404 2812 577 2854 more
607 2792 858 2854 Numae
884 2791 1111 2866 caedit,
1147 2792 1314 2853 Iovis
1341 2795 1491 2854 ante
1519 2792 1744 2854 altaria
1777 2794 1946 2854 iurat

406 2890 600 2951 solam
632 2889 924 2970 Eponam
953 2893 1020 2951 et
1046 2889 1239 2951 facies
1268 2889 1439 2951 olida
1466 2891 1546 2952 ad
1576 2890 1903 2971 praesepia
1930 2890 2155 2970 pictas,

406 2987 512 3048 sed
542 3006 689 3048 cum
720 2987 1054 3067 pervigiles
1081 2986 1290 3067 placet
1318 2986 1674 3049 instaurare
1702 2988 1990 3069 popinaS,

405 3083 626 3146 obvius
653 3085 917 3146 adsiduo
948 3084 1384 3165 Syrophoenix
1417 3089 1649 3147 unctus
1677 3077 1926 3147 amomo

405 3182 627 3255 currit,
662 3181 993 3261 Idymaeae
1023 3181 1460 3263 Syrophoenix
1490 3183 1698 3245 incola
1726 3186 1963 3263 portam

404 3279 670 3359 hospitis
699 3280 955 3341 adfectu
976 3279 1319 3360 ,dominum
1350 3299 1694 3360 regemque
1723 3280 1979 3354 salutat,

404 3380 469 3440 et
496 3397 644 3439 cum
674 3377 879 3439 venali
910 3377 1119 3457 Cyane
1150 3377 1473 3438 succincta
1500 3378 1749 3458 lagona.

405 3475 699 3574 defenspr
726 3475 948 3556 culpae
976 3475 1145 3537 dicet
1174 3474 1335 3536 mihi
1369 3475 1386 3504 ‘
1408 3475 1679 3536 fecimus
1708 3479 1775 3536 et
1804 3496 1917 3538 nos

405 3551 560 3634 haec
587 3553 896 3635 iuvenes?
983 3575 1136 3646 estc,
1170 3572 1390 3633 desisti
1420 3592 1650 3653 nempe
1684 3593 1798 3634 nec
1827 3575 1998 3635 ultra
2028 3583 2093 3622 ³⁶
2129 3573 2145 3592 ⁰

402 3669 618 3731 fovisti
648 3689 941 3732 errorem.
1031 3670 1214 3732 breve
1244 3670 1327 3731 sit
1356 3671 1524 3750 quod
1557 3670 1836 3751 turpiter
1862 3671 2086 3747 audes3

369 3843 378 3850 η
403 3767 714 3846 quaedam
742 3787 891 3828 cum
919 3767 1126 3847 prima
1154 3771 1516 3829 resecentur
1544 3768 1816 3830 crimina
1842 3768 2053 3830 barba.

2492 749 2618 807 135

2490 1236 2617 1295 140

2491 1725 2611 1784 145

2491 2215 2611 2273 150

2446 2743 2465 2754 -
2490 2703 2614 2762 155

2489 3189 2612 3249 160

2489 3678 2610 3738 165
