2787 4328
1093 226 1360 272 sA'rvRA
1408 227 1535 273 x1v
2296 223 2409 290 105

177 378 394 441 dirue
424 377 797 442 Maurorum
826 379 1115 460 attegias,
1149 379 1407 442 castella
1436 378 1842 457 Brigantum,

177 480 270 537 ut
302 477 696 558 locupletem
724 476 1002 557 aquilam
1032 476 1152 539 tibi
1182 476 1607 557 sexagesimus
1634 496 1842 538 annus

180 575 479 637 adferat.
569 579 683 637 aut
708 575 930 655 longos
959 578 1309 637 castrorum
1340 575 1508 637 ferre
1538 575 1777 636 labores

183 673 239 734 si
277 673 470 753 piget
498 676 564 735 et
592 673 914 754 trepidum
944 673 1201 735 solvunt
1230 672 1347 734 tibi
1377 692 1617 734 cornua
1645 674 1930 734 ventrem

183 790 355 831 cum
387 770 568 832 lituis
596 770 834 844 audita,
868 790 1049 852 pares
1078 772 1244 851 quod
1279 771 1549 832 vendere
1577 768 1777 849 possis
2295 776 2415 834 200

185 867 413 948 pluris
441 868 732 942 dimidio,
766 888 882 930 nec
912 871 976 930 te
1004 868 1266 929 fastidia
1293 868 1523 930 mercis

187 965 408 1026 ullius
435 967 703 1027 subeant
728 966 1112 1046 ablegandae
1143 965 1429 1027 Tiberim
1459 966 1650 1040 ultra,

190 1083 331 1125 neu
364 1064 583 1125 credas
610 1064 980 1145 ponendum
1008 1064 1255 1144 aliquid
1285 1063 1672 1125 discriminis
1702 1063 1871 1125 inter

191 1164 542 1241 unguenta
568 1164 636 1222 et
662 1161 936 1237 corium;
979 1161 1143 1222 lucri
1175 1156 1378 1223 bonus
1406 1165 1500 1223 est
1530 1161 1685 1222 odor
1712 1180 1789 1222 ex
1819 1179 1886 1223 re

194 1258 514 1339 qualibet.
604 1259 715 1320 illa
743 1262 856 1321 tuo
886 1259 1203 1321 sententia
1230 1279 1478 1340 semper
1507 1259 1576 1320 in
1606 1279 1711 1320 ore
2293 1264 2413 1325 205

193 1360 494 1418 versetur
521 1356 620 1418 dis
647 1360 838 1437 atque
867 1357 1003 1438 ipso
1032 1357 1179 1420 Iove
1208 1357 1407 1437 digna
1433 1360 1647 1437 poeta:

201 1453 250 1483 ‘⁶
273 1454 454 1516 unde
481 1454 709 1516 habeas
739 1454 986 1534 quaerit
1014 1474 1222 1528 nem0,
1257 1455 1364 1516 sed
1395 1456 1648 1534 oportet
1675 1453 1984 1516 habere.'’

195 1551 327 1614 hoc
357 1556 718 1614 monstrant
745 1552 995 1614 vetulae
1025 1552 1240 1633 pueris
1270 1551 1642 1632 repentibus
1670 1571 1861 1626 assae,

197 1650 327 1712 hoc
358 1650 617 1711 discunt
644 1670 861 1712 omnes
889 1654 1037 1712 ante
1065 1650 1258 1730 alpha
1285 1652 1351 1712 et
1378 1650 1527 1711 beta
1555 1648 1857 1730 puellae.’

201 1748 447 1809 talibus
474 1747 820 1809 instantem
850 1748 1111 1810 monitis
1141 1766 1612 1828 quemcumque
1640 1749 1968 1825 parentem
2295 1752 2414 1811 210

204 1846 297 1908 sic
325 1864 572 1926 possem
601 1845 836 1908 adfari:
872 1846 890 1874 ‘
911 1846 1035 1921 dic,
1071 1866 1107 1908 o
1137 1845 1496 1919 vanissime,
1533 1844 1674 1924 quis
1704 1847 1767 1906 te

205 1943 509 2006 festinare
539 1943 716 2005 iubet
734 1944 765 2004 ’ἓ
848 1943 1173 2006 meliorem
1202 1947 1452 2024 praesto
1484 1942 1787 2022 magistro

207 2041 622 2123 discipulum.
709 2061 966 2103 securus
995 2041 1128 2103 abi:
1173 2041 1446 2104 vinceris
1475 2045 1552 2102 ut
1580 2041 1744 2102 Aiax

208 2138 539 2222 praeteriit
569 2140 999 2214 Telamonem,
1033 2144 1111 2202 ut
1140 2140 1325 2203 Pelea
1355 2139 1512 2204 vicit
1539 2139 1843 2202 Achilles.
1870 2207 1873 2208 ⁷

210 2239 604 2320 parcendum
632 2242 728 2302 est
757 2238 1014 2313 teneris,
1049 2239 1338 2300 nondum
1371 2239 1712 2319 implevere
1741 2238 2053 2301 medullas
2296 2241 2414 2301 215

211 2341 497 2399 maturae
519 2337 692 2399 ‘mala
719 2335 1064 2418 nequitiae.
1153 2357 1299 2399 cum
1331 2340 1582 2418 pectere
1609 2336 1868 2398 barbam

213 2434 487 2515 coeperit
514 2438 581 2496 et
608 2433 785 2515 longi
815 2454 1186 2496 mucronem
1215 2434 1556 2496 admittere
1584 2433 1801 2507 cultri,

213 2533 409 2595 falsus
436 2531 560 2594 erit
586 2531 788 2606 testis,
824 2532 1056 2594 vendet
1083 2532 1365 2612 periuria
1395 2552 1644 2594 summa

215 2630 442 2711 exigua
468 2634 534 2692 et
564 2629 813 2693 Cereris
841 2633 1112 2711 tangens
1140 2650 1444 2710 aramque
1471 2630 1850 2710 pedemque.

217 2729 440 2791 elatam
470 2728 597 2791 iam
627 2729 811 2791 crede
839 2748 1101 2802 nurum,
1136 2728 1189 2789 si
1216 2728 1445 2789 limina
1475 2730 1681 2789 vestra
1785 2763 1793 2771 ·
2296 2729 2417 2789 220

218 2825 542 2888 mortifera
568 2846 717 2888 cum
747 2826 894 2888 dote
923 2825 1114 2887 subit.
1207 2824 1442 2905 quibus
1469 2824 1581 2886 illa
1609 2827 1939 2905 premetur

220 2944 327 3006 per
353 2944 646 2987 somnum
678 2923 915 3003 digitis.
1006 2944 1155 2985 nam
1187 2943 1347 3003 quae
1376 2926 1671 3002 terraque
1700 2921 1988 3003 marique

222 3022 608 3102 adquirenda
634 3024 843 3102 putas,
878 3020 1126 3084 brevior
1156 3020 1257 3082 via
1285 3021 1572 3082 conferet
1600 3019 1726 3096 illi;

223 3120 432 3182 nullus
460 3120 633 3182 enim
662 3118 879 3199 magni
908 3119 1158 3181 sceleris
1185 3119 1382 3181 labor.
1480 3118 1524 3147 “
1546 3118 1700 3180 haec
1727 3137 1844 3198 ego
1873 3137 2224 3197 numquam

224 3217 509 3280 mandavi
530 3217 575 3246 '³
608 3217 779 3279 dices
806 3215 961 3279 olim
994 3216 1037 3245 “
1059 3236 1179 3278 nec
1218 3216 1372 3278 talia
1401 3216 1648 3278 suasi.”
2299 3218 2416 3276 225

227 3314 449 3377 mentis
477 3334 663 3376 causa
694 3314 894 3376 malae
923 3317 1138 3376 tamen
1166 3318 1261 3375 est
1288 3321 1354 3376 et
1382 3313 1559 3393 origo
1587 3332 1782 3394 penes
1809 3318 1896 3375 te.

227 3433 366 3475 nam
394 3411 684 3493 quisquis
711 3411 930 3492 magni
958 3431 1185 3473 census
1213 3411 1538 3492 praecepit
1567 3430 1867 3484 amorem,

229 3514 288 3574 et
310 3511 483 3574 laevo
510 3509 763 3572 monitu
793 3508 1350 3590 pueros-producit
1379 3528 1618 3582 avaros,

231 3611 290 3671 et
311 3595 421 3689 qui
449 3627 564 3688 per
591 3608 850 3671 fraudes
879 3605 1264 3686 patrimonia
1292 3604 1753 3686 conduplicari,

234 3706 334 3769 dat
355 3704 715 3767 libertatem
744 3708 810 3767 et
839 3705 1005 3766 totas
1032 3704 1311 3766 effundit
1342 3703 1617 3764 habenas
2303 3702 2420 3760 230
