2787 4328
1116 253 1383 300 SATVRA
1428 253 1506 298 VI

192 425 328 467 non
356 404 544 467 aliter
572 425 765 485 quam
795 404 846 467 si
875 403 1127 466 fecisset
1155 403 1320 464 Iuno
1349 401 1655 464 maritum

185 503 515 565 insanum.
605 502 823 563 minus
850 521 999 581 ergo
1028 520 1261 563 nocens
1288 499 1413 562 erit
1440 498 1838 579 Agrippinae

195 601 465 675 boletus,
500 598 818 680 siquidem
846 597 1040 660 unius
1067 597 1435 679 praecordia
1463 597 1691 678 pressit

196 698 307 761 ille
335 697 499 771 senis
530 697 1010 776 tremulumque
1039 705 1233 776 caput
1262 696 1641 757 descendere
1669 693 1855 756 iussit

197 795 269 859 in
297 796 542 858 caelum
573 797 638 857 et
668 795 859 873 longa
886 793 1215 854 manantia
1243 792 1419 854 labra
1447 792 1658 854 saliva.

197 895 353 957 haec
380 893 583 975 poscit
613 893 860 953 ferrum
889 894 1080 970 atque
1108 890 1308 970 ignes,
1342 890 1501 951 haec
1528 889 1704 969 potio
1733 891 2011 969 torquet,

198 992 359 1054 haec
381 992 617 1053 lacerat
644 988 1200 1077 mixtosequitum
1232 1007 1380 1049 cum
1412 987 1720 1068 sanguine
1749 990 1978 1068 patres.

199 1088 368 1152 tanti
396 1091 617 1169 partus
645 1107 863 1168 equae,
902 1085 1064 1147 tanti
1093 1105 1224 1147 una
1252 1086 1529 1148 venefica
1556 1088 1821 1146 constat.

281 1187 557 1249 oderunt
585 1186 769 1247 natos
797 1186 875 1246 de
904 1183 1174 1265 paelice;
1219 1203 1407 1245 nemo
1436 1185 1770 1264 repugnet,

98 1347 106 1352 .
198 1305 389 1347 nemo
417 1286 611 1357 vetet,
644 1283 771 1345 iam
800 1282 929 1344 iam
957 1281 1344 1363 privignum
1362 1281 1649 1343 occidere
1678 1282 1775 1342 fas
1803 1283 1919 1342 est.

202 1402 310 1445 vos
338 1401 476 1462 ego,
510 1380 767 1463 pupilli,
801 1399 1050 1454 moneo,
1086 1379 1317 1460 quibus
1347 1379 1617 1460 amplior
1645 1382 1740 1441 est
1769 1396 1887 1452 res,

200 1480 516 1543 custodite
543 1478 787 1542 animas
815 1482 881 1541 et
908 1477 1075 1539 nulli
1103 1477 1342 1539 credite
1371 1496 1644 1551 mensae,

199 1578 399 1641 livida
426 1581 714 1639 materno
743 1578 995 1638 fervent
1023 1575 1280 1655 adipata
1309 1594 1576 1636 veneno.

200 1676 489 1738 mordeat
516 1677 665 1736 ante
694 1673 928 1754 aliquis
957 1672 1276 1753 quidquid
1306 1671 1659 1753 porrexerit
1687 1672 1797 1734 illa

203 1793 363 1854 quae
391 1772 660 1854 peperit,
696 1771 963 1833 timidus
994 1773 1360 1852 praegustet
1388 1770 1618 1850 pocula
1645 1788 1858 1849 papae.

202 1871 505 1951 fingimus
533 1870 688 1931 haec
717 1870 922 1930 altum
952 1872 1166 1930 satura
1196 1870 1486 1929 sumente
1517 1867 1907 1928 cothurnum

201 1968 465 2041 scilicet,
499 1970 563 2029 et
592 1968 785 2029 finem
814 1965 1043 2046 egressi
1072 1966 1407 2045 legemque
1435 1964 1721 2045 priorum

200 2066 440 2146 grande
472 2064 821 2145 Sophocleo
850 2082 1103 2125 carmen
1135 2063 1518 2124 bacchamur
1547 2061 1751 2135 hiatu,

202 2163 529 2225 montibus
557 2163 852 2243 ignotum
883 2148 1142 2224 Rutulis
1172 2161 1469 2241 caeloque
1500 2160 1731 2223 Latino
1751 2161 1782 2221 ⁴?

202 2279 318 2322 nos
346 2261 596 2322 utinam
627 2259 794 2323 vani.
884 2260 991 2321 sed
1021 2260 1254 2321 clamat
1286 2258 1518 2320 Pontia
1551 2259 1568 2287 ‘
1589 2258 1736 2333 feci,

201 2358 530 2432 confiteor,
561 2357 902 2437 puerisque
931 2357 1089 2418 meis
1119 2356 1370 2418 aconita
1399 2356 1639 2435 paravi,

203 2475 363 2536 quae
393 2456 700 2534 deprensa
727 2457 980 2534 patent3
1025 2454 1277 2515 facinus
1307 2456 1524 2515 tamen
1554 2452 1689 2532 ipsa
1718 2451 1987 2533 peregi.’

203 2557 360 2615 tune
389 2554 549 2614 duos
577 2572 726 2623 una,
762 2553 1117 2614 saevissima
1149 2551 1385 2631 vipera,
1423 2570 1578 2612 cena
1597 2552 1627 2610 Ρ

203 2652 361 2712 tune
388 2650 548 2711 duos
566 2651 596 2709 Ρ
629 2648 646 2678 ‘
667 2652 929 2730 septem,
965 2649 1016 2710 si
1048 2652 1289 2729 septem
1319 2648 1489 2709 forte
1517 2647 1841 2709 fuissent)

202 2748 533 2809 credamus
562 2746 818 2826 tragicis
847 2746 1161 2827 quidquid
1193 2747 1271 2808 de
1305 2745 1609 2807 Colchide
1638 2748 1818 2806 torva

203 2846 441 2907 dicitur
469 2849 534 2908 et
564 2846 833 2926 Progne,
868 2846 963 2906 nil
994 2850 1217 2908 contra
1246 2865 1460 2908 conor.
1549 2847 1613 2907 et
1641 2844 1788 2905 illae

203 2944 470 3023 grandia
498 2947 782 3005 monstra
809 2942 938 3004 suis
967 2944 1289 3006 audebant
1318 2942 1732 3022 temporibuS,
1768 2942 1876 3004 sed

204 3061 334 3102 non
362 3045 623 3122 propter
649 3061 963 3102 nummos.
1057 3043 1266 3102 minor
1294 3040 1632 3102 admiratio
1661 3039 1926 3101 summis

203 3140 469 3201 debetur
498 3138 819 3212 monstris,
856 3139 1150 3219 quotiens
1178 3139 1338 3200 facit
1367 3138 1461 3199 ira
1491 3140 1788 3199 nocentes

202 3237 377 3298 hunc
406 3257 655 3310 sexum3
702 3238 872 3298 rabie
903 3236 1078 3299 iecur
1105 3237 1487 3300 incendente
1517 3238 1818 3309 feruntur

201 3333 577 3414 praecipites
605 3337 681 3395 ut
711 3355 856 3396 saxa
886 3334 1051 3415 iugis
1081 3336 1372 3416 abrupta,
1411 3334 1641 3414 quibus
1669 3352 1852 3395 mons

203 3430 604 3492 subtrahitur
633 3431 923 3511 clivoque
949 3432 1119 3494 latus
1148 3432 1468 3512 pendente
1499 3431 1753 3493 recedit.

201 3527 379 3588 illam
409 3547 525 3607 ego
555 3548 685 3590 non
714 3529 995 3603 tulerim,
1032 3549 1191 3609 quae
1221 3532 1532 3608 conputat
1561 3532 1625 3589 et
1654 3528 1854 3589 scelus
1881 3525 2109 3608 ingens

202 3645 353 3686 sana
380 3624 558 3687 facit.
650 3629 940 3706 spectant
969 3628 1345 3689 subeuntem
1375 3625 1511 3686 fata
1539 3625 1754 3687 mariti

204 3722 539 3798 Alcestim,
573 3726 639 3785 et
668 3723 893 3786 similis
922 3724 973 3785 si
1004 3722 1396 3806 permutatio
1426 3722 1636 3798 detur,

462 3842 497 3891 4

2221 250 2512 315 '49-

2285 498 2405 557 620

2288 988 2406 1047 625

2291 1478 2411 1537 630

2295 1964 2411 2022 635

2292 2454 2410 2512 640

2293 2940 2409 2999 645

2293 3430 2410 3487 650
