2787 4328
1022 267 1289 313 SATVRA
1333 268 1472 313 VIII

132 415 403 498 indulge
432 417 688 480 veniam
715 416 959 498 pueris:
1005 417 1359 481 Lateranus
1387 419 1467 480 ad
1499 419 1640 481 illos

133 514 534 576 thermarum
564 514 788 577 calices
817 513 1249 596 inscriptaque
1280 515 1480 579 lintea
1509 517 1684 579 vadit

134 617 428 693 maturus
456 613 641 707 bello)
654 611 994 674 Armeniae
1025 613 1365 694 Syriaeque
1398 614 1656 677 tuendis

133 709 432 771 amnibus
459 713 525 772 et
555 710 781 771 Rheno
810 713 1002 789 atque
1035 709 1279 773 Histro.
1370 715 1688 792 praestare
1719 713 2041 776 Neronem

135 827 428 869 securum
460 809 627 870 valet
655 808 810 869 haec
838 812 1028 870 aetas.
1118 809 1305 871 mitte
1337 809 1538 885 Ostia,
1575 811 1820 885 Caesar,

136 905 345 980 mitte,
380 907 485 968 sed
517 907 587 968 in
616 926 847 987 magna
875 906 1157 987 legatum
1190 927 1419 987 quaere
1447 908 1716 989 popina;

135 1003 420 1066 invenies
448 1005 662 1086 aliquo
691 1025 839 1067 cum
868 1024 1234 1085 percussore
1276 1006 1609 1081 iacentem,

134 1102 529 1181 permirtum
560 1102 773 1164 nautis
800 1106 866 1164 et
892 1103 1149 1164 furibus
1176 1123 1248 1165 ac
1277 1103 1595 1183 fugitivis,

136 1198 307 1271 inter
335 1200 658 1261 carnifices
686 1203 751 1262 et
777 1200 990 1262 fabros
1018 1201 1495 1281 sandapilarum

135 1300 200 1358 et
229 1298 581 1379 resupinati
610 1298 915 1360 cessantia
945 1302 1251 1379 tympana
1277 1299 1451 1379 galli.

134 1414 337 1475 aequa
364 1394 452 1457 ibi
483 1396 763 1470 libertas,
797 1396 1163 1458 communia
1190 1396 1441 1477 pocula,
1474 1398 1678 1461 lectus

132 1512 265 1554 non
295 1492 459 1555 alius
486 1493 808 1574 cuiquam,
843 1514 960 1556 nec
989 1514 1207 1556 mensa
1237 1495 1538 1557 remotior
1569 1496 1708 1557 ulli.

134 1590 292 1670 quid
322 1591 519 1653 facias
546 1592 738 1653 talem
768 1591 1053 1685 sgrjtjtus,
1090 1592 1377 1667 Pontice,
1414 1612 1664 1654 servum
1686 1596 1716 1655 P

132 1708 364 1769 nempe
394 1688 460 1749 in
491 1689 782 1751 Lucanos
808 1693 922 1751 aut
950 1689 1158 1751 Tusca
1184 1691 1506 1769 ergastula
1534 1691 1773 1753 mittas.

131 1790 202 1848 at
234 1806 360 1860 vos,
395 1786 816 1865 Troiugenae,
855 1785 1028 1848 vobis
1055 1787 1408 1866 ignoscitis,
1444 1791 1510 1849 et
1539 1808 1698 1869 quae

132 1884 350 1964 turpia
377 1885 660 1958 cerdoni,
695 1884 954 1947 Volesos
983 1886 1389 1965 Brutumque
1419 1886 1757 1949 decebant.

216 1982 373 2062 quid
399 1982 454 2045 si
486 2001 835 2063 numquam
866 1983 1020 2044 adeo
1048 1983 1253 2045 foedis
1280 1985 1562 2064 adeoque
1592 1985 1911 2065 pudendis

131 2078 382 2141 utimur
410 2079 736 2160 exempliS,
771 2083 846 2141 ut
876 2100 1002 2142 non
1034 2067 1249 2161 peiora
1278 2082 1647 2162 supersint?

130 2178 532 2258 consumptis
560 2178 787 2258 opibus
819 2198 1056 2253 vocem,
1093 2179 1500 2261 Damasippe,
1534 2172 1756 2243 locasti

131 2275 387 2356 sipario,
423 2275 770 2337 clamosum
799 2296 1012 2356 ageres
1042 2280 1117 2337 ut
1149 2276 1421 2362 Phasma
1453 2277 1715 2340 Catulli.

133 2374 519 2435 Laureolum
554 2372 730 2446 velox
758 2374 952 2435 etiam
981 2375 1140 2436 bene
1170 2375 1486 2448 Lentulus
1514 2376 1667 2454 egit,

131 2470 345 2533 iudice
374 2491 475 2533 me
504 2470 739 2551 dignus
768 2491 913 2534 vera
941 2492 1149 2534 cruce.
1238 2493 1355 2535 nec
1384 2477 1599 2535 tamen
1630 2472 1753 2555 ipsi

133 2569 423 2649 ignoscas
452 2569 717 2651 populo;
758 2570 983 2651 populi
1011 2571 1195 2632 frons
1224 2571 1445 2633 durior
1473 2571 1666 2633 huius

134 2666 245 2747 qui
276 2666 450 2752 sedet
476 2669 542 2728 et
570 2671 811 2747 spectat
839 2667 1168 2729 triscurria
1193 2667 1634 2750 patriciorum,

133 2764 503 2844 planipedes
530 2764 714 2825 audit
747 2764 996 2839 Fabios,
1031 2766 1236 2828 ridere
1265 2770 1476 2847 potest
1505 2766 1612 2846 qui

137 2862 602 2923 Mamercorum
630 2863 862 2943 alapas.
951 2863 1178 2943 quanti
1206 2884 1320 2925 sua
1347 2865 1579 2925 funera
1608 2865 1911 2940 vendant,

134 2959 292 3041 quid
323 2960 568 3021 refert?
651 2962 940 3022 vendunt
966 2961 1149 3023 nullo
1178 2965 1444 3041 cogente
1474 2962 1753 3036 Nerone,

132 3078 252 3120 nec
281 3057 584 3119 dubitant
612 3058 757 3119 celsi
788 3059 1097 3139 praetoris
1125 3060 1398 3121 vendere
1426 3059 1617 3120 ludis.

134 3156 305 3235 finge
335 3158 550 3215 tamen
579 3155 820 3233 gladios
848 3155 998 3217 inde
1027 3161 1219 3236 atque
1247 3155 1402 3217 hinc
1431 3156 1684 3237 pulpita
1711 3157 1888 3238 poni,

132 3252 289 3333 quid
320 3252 564 3313 satius?
647 3256 920 3314 mortem
950 3254 1038 3314 sic
1068 3253 1406 3334 quisquam
1436 3255 1788 3329 exhorruit,
1822 3260 1899 3317 ut
1927 3256 2008 3319 sit

131 3351 460 3429 zelotypus
489 3349 848 3428 Thymeles,
883 3351 1125 3430 stupidi
1156 3350 1397 3431 collega
1428 3351 1775 3413 Corinthi?

131 3467 229 3509 res
260 3447 419 3508 haut
448 3447 611 3507 mira
638 3450 853 3508 tamen
883 3446 1250 3509 citharoedo
1278 3450 1569 3530 principe
1601 3449 1836 3511 mimus

128 3545 381 3609 nobilis.
471 3545 624 3606 haec
655 3545 824 3607 ultra
862 3545 1016 3625 quid
1047 3545 1169 3607 erit
1198 3545 1320 3606 nisi
1349 3547 1588 3609 ludus?
1669 3551 1735 3609 et
1763 3546 1894 3608 illic

128 3645 408 3706 dedecus
436 3642 611 3703 urbis
637 3642 853 3718 habes,
889 3662 1004 3705 nec
1033 3643 1461 3705 murmillonis
1491 3644 1553 3705 in
1587 3644 1779 3706 armis

129 3761 249 3804 nec
277 3740 484 3820 clipeo
515 3738 875 3802 Gracchum
902 3744 1303 3820 pugnantem
1331 3744 1445 3803 aut
1472 3742 1634 3804 falce
1662 3742 1964 3824 supina-

2227 719 2343 779 170

2228 1207 2341 1267 175

2227 1697 2342 1756 180

2226 2186 2339 2245 185

2224 2674 2340 2733 190

2223 3164 2335 3222 195

2219 3649 2337 3707 200
