2787 4328
1066 277 1334 322 SATVRA
1377 277 1468 322 111

154 432 321 489 testa
350 428 530 502 ferit,
568 427 869 509 quotiens
899 427 1136 490 rimosa
1164 431 1230 489 et
1261 431 1450 488 curta
1478 427 1782 490 fenestris

153 545 302 587 vasa
332 526 595 599 cadant,
635 529 881 604 quanto
911 544 1290 605 percussum
1320 525 1608 605 pondere
1639 525 1901 606 signent

153 628 217 684 et
244 623 512 685 laedant
558 622 823 683 silicem.
913 622 1117 703 possis
1147 622 1421 702 ignavus
1451 622 1674 684 haberi

153 724 219 782 et
249 720 451 789 subiti
482 739 670 782 casus
701 719 1123 800 improvidus,
1158 720 1241 781 ad
1272 739 1498 788 cenam
1528 720 1580 782 si

153 818 506 880 intestatus
538 835 684 879 eas:
729 817 887 879 adeo
924 821 1026 879 tot
1055 817 1216 891 fata,
1252 821 1413 898 quot
1442 817 1555 880 illa

153 919 346 977 nocte
374 919 608 996 patent
637 915 861 996 vigiles
891 920 957 976 te
986 919 1441 996 praetereunte
1470 904 1812 979 fenestrae.

154 1032 307 1094 ergo
338 1016 523 1093 optes
553 1016 907 1092 votumque
938 1013 1109 1074 feras
1140 1012 1501 1075 miserabile
1532 1018 1774 1089 tecum,

156 1115 230 1171 ut
259 1111 392 1172 sint
416 1114 762 1172 contentae
794 1110 1049 1191 patulas
1083 1111 1442 1172 defundere
1473 1111 1706 1191 pelves.

156 1208 369 1269 ebrius
399 1227 473 1269 ac
503 1208 805 1289 petulans
828 1208 940 1288 qui
969 1208 1228 1269 nullum
1259 1209 1430 1270 forte
1461 1208 1719 1287 cecidit,

155 1305 266 1366 dat
295 1324 559 1386 poenas,
594 1309 852 1366 noctem
882 1304 1134 1385 patitur
1162 1304 1763 1396 lugentis-amicum

156 1402 438 1476 Pelidae,
474 1402 672 1463 cubat
704 1402 772 1462 in
801 1402 1058 1476 faciem,
1095 1422 1243 1463 mox
1275 1402 1509 1463 deinde
1540 1403 1829 1482 supinus.

152 1508 302 1581 ergo
332 1519 466 1561 non
496 1499 685 1560 aliter
713 1499 954 1580 poterit
985 1499 1265 1562 dormire
1299 1520 1317 1576 3
1362 1499 1751 1579 quibusdam
1835 1577 1839 1581 ¹

151 1617 452 1659 somnum
480 1596 621 1658 rixa
648 1596 829 1658 facit.
922 1597 1034 1658 sed
1065 1598 1361 1677 quamvis
1391 1597 1726 1681 improbus
1756 1597 1947 1669 annis

149 1700 346 1776 atque
376 1714 554 1756 mero
583 1695 839 1756 fervens
870 1699 1053 1757 cavet
1082 1695 1280 1769 hunc,
1318 1715 1514 1775 quem
1545 1685 1808 1756 coccina
1837 1694 2046 1759 laena.

149 1792 342 1854 vitari
373 1793 555 1854 iubet
588 1796 653 1853 et
684 1792 998 1854 comitum
1027 1792 1447 1874 longissimus
1479 1792 1660 1866 ord0,
1712 1796 1719 1805 “
2008 1808 2024 1815 ”

150 1890 435 1951 multum
465 1893 799 1971 praeterea
828 1889 1234 1950 flammarum
1264 1894 1329 1951 et
1359 1909 1557 1951 aenea
1578 1889 1845 1970 lampas,

148 2007 273 2061 me,
310 2007 504 2068 quem
532 1988 691 2048 luna
721 1987 884 2048 solet
914 1986 1234 2048 deducere
1264 1987 1366 2050 vel
1396 1987 1587 2048 breve
1615 1986 1884 2048 lumen(

147 2084 455 2147 candelae
486 2084 671 2160 cujus
702 2085 1001 2164 dispenso
1033 2089 1099 2146 et
1123 2089 1412 2167 tempero
1444 2084 1649 2158 filum,

146 2183 533 2245 contemnit.
624 2183 892 2244 miserae
924 2203 1235 2267 cognosce
1265 2169 1642 2263 prohoemia
1670 2182 1865 2257 rixae,

145 2281 201 2342 si
227 2280 368 2342 rixa
397 2283 495 2341 est
526 2279 637 2340 ubi
668 2283 745 2340 tu
776 2280 1015 2360 pulsaS,
1053 2300 1170 2360 ego
1201 2280 1440 2360 vapulo
1468 2283 1750 2341 tantum.

146 2382 282 2440 stat
310 2381 539 2440 contra
568 2376 851 2457 starique
882 2376 1085 2450 iubet,
1119 2395 1343 2458 parere
1372 2396 1631 2439 necesse
1661 2381 1758 2438 est
1783 2396 1801 2453 3

147 2495 301 2536 nam
325 2474 485 2555 quid
513 2492 684 2555 agas,
720 2493 870 2535 cum
899 2478 965 2535 te
995 2474 1281 2536 furiosus
1312 2479 1502 2555 cogat
1533 2479 1598 2536 et
1627 2474 1801 2535 idem

147 2572 385 2634 sortior
416 2570 444 2632 Ρ
491 2577 538 2604 “
562 2571 735 2632 unde
765 2571 946 2632 venis
978 2571 1068 2633 ?'’
1111 2572 1431 2653 exclamat
1466 2577 1512 2605 “
1532 2571 1718 2633 cuius
1757 2573 1964 2646 acet0,

148 2669 337 2732 cuius
367 2668 611 2730 conche
640 2668 907 2730 tumes?
990 2669 1134 2749 quis
1164 2674 1386 2732 tecum
1417 2669 1637 2731 sectile
1668 2686 1934 2749 porrum

149 2771 336 2844 sutor
364 2770 430 2827 et
460 2764 610 2827 elixi
639 2765 925 2827 vervecis
953 2765 1133 2827 labra
1163 2767 1446 2829 comedit
1478 2767 1505 2829 Ρ

149 2864 245 2925 nil
277 2863 437 2925 mihi
467 2863 816 2944 respondes
848 2863 876 2925 ?
959 2868 1075 2925 aut
1105 2864 1209 2926 dic
1241 2868 1356 2926 aut
1386 2864 1607 2944 accipe
1637 2862 1898 2924 calcem.

151 2962 270 3023 ede
300 2961 411 3023 ubi
442 2960 776 3035 consistas,
811 2961 880 3023 in
911 2981 1040 3043 qua
1067 2965 1134 3022 te
1165 2981 1404 3042 quaero
1433 2960 1791 3042 proseucha
1818 2959 1907 3022 ?'’

150 3060 365 3120 dicere
395 3058 448 3119 si
477 3062 758 3139 temptes
788 3060 1035 3141 aliquid
1065 3059 1385 3145 tacitusve
1416 3058 1697 3132 recedaS,

149 3157 563 3218 tantumdem
593 3161 691 3219 est
722 3179 736 3218 :
781 3158 1030 3219 feriunt
1060 3158 1324 3239 pariter,
1357 3155 1727 3235 vadimonia
1755 3155 1987 3217 deinde

148 3253 301 3335 irati
331 3253 607 3317 faciunt.
695 3255 961 3317 libertas
989 3247 1292 3336 pauperis
1320 3256 1478 3316 haec
1510 3261 1607 3317 est
1634 3275 1648 3315 :

148 3351 448 3433 pulsatus
476 3357 664 3433 rogat
695 3357 760 3414 et
788 3354 1027 3433 pugnis
1057 3353 1354 3415 concisus
1384 3354 1611 3415 adorat

115 3527 120 3531 .
151 3454 226 3511 ut
255 3449 450 3511 liceat
479 3450 704 3531 paucis
736 3470 884 3511 cum
916 3451 1223 3513 dentibus
1253 3451 1405 3512 inde
1437 3452 1692 3513 reverti.

146 3567 269 3610 nec
299 3550 522 3608 tamen
550 3546 708 3608 haec
737 3551 1001 3609 tantum
1030 3553 1300 3613 metuas.
1386 3567 1538 3609 nam
1569 3549 1682 3629 qui
1713 3550 1947 3630 spoliet
1975 3555 2042 3612 te

147 3664 283 3707 non
313 3643 484 3705 derit
514 3642 748 3705 clausis
787 3644 1109 3721 domibus,
1145 3649 1493 3726 postquam
1525 3646 1733 3707 omnis
1762 3647 2005 3727 ubique

147 3741 277 3812 fixa
307 3741 642 3803 catenatae
671 3737 854 3800 siluit
884 3758 1196 3824 compago
1224 3739 1556 3805 tabernae.

2288 281 2365 346 19

2243 430 2364 493 270

2238 920 2358 982 275

2236 1407 2355 1466 280

2232 1893 2349 1954 285

2232 2381 2350 2439 290

2230 2835 2348 2928 '295

2230 3357 2358 3415 300.
2441 3326 2445 3332 ’
