2787 4328
1003 284 1173 333 SATV
1179 286 1271 333 ΒΔ
1314 286 1395 331 ΙΧ

69 438 198 501 his
225 437 454 519 opibus
482 456 836 517 numquam
864 455 1009 500 cara
1036 439 1131 499 est
1158 456 1414 500 annona
1442 437 1692 501 veneni.

71 555 247 616 ergo
277 536 526 597 occulta
554 539 747 613 tegeS,
780 537 857 595 ut
885 533 1061 596 curia
1092 533 1317 596 Martis
1351 534 1673 598 Athenis.’

178 654 216 696 o
247 633 567 713 Corydon,
603 632 919 711 Corydon,
954 635 1265 693 secretum
1297 632 1516 695 divitis
1544 632 1753 696 ullum

80 752 227 795 esse
254 732 492 813 putas?
576 729 739 791 servi
772 733 844 790 ut
872 733 1145 803 taceant,
1180 729 1469 792 iumenta
1497 730 1842 811 loquentur

82 833 160 892 et
188 829 367 891 canis
395 832 460 890 et
485 830 696 909 postes
722 830 790 889 et
816 847 1152 890 marmora.
1242 828 1468 890 claude
1498 830 1829 904 fenestrae,

91 928 235 990 vela
280 930 504 1007 tegant
535 925 745 999 rimas,
780 924 973 1006 iunge
1002 925 1181 999 ostia,
1217 925 1424 988 tollite
1453 926 1696 1000 lumen,

87 1044 128 1086 e
159 1023 377 1086 medio
405 1024 508 1084 fac
534 1026 684 1084 eant
712 1042 952 1097 omnes,
988 1042 1184 1103 prope
1217 1043 1401 1085 nemo
1432 1024 1789 1087 recumbat:

0 1138 42 1189 ξ
89 1123 271 1203 quod
302 1126 520 1183 tamen
551 1121 630 1181 ad
658 1124 920 1182 cantum
949 1120 1101 1200 galli
1130 1120 1289 1183 facit
1318 1120 1427 1183 ille
1455 1121 1740 1197 secundi,

85 1219 431 1301 proximus
457 1222 606 1280 ante
633 1218 806 1280 diem
835 1237 1037 1299 caupo
1066 1217 1242 1291 sciet,
1277 1219 1497 1282 audiet
1524 1223 1590 1280 et
1620 1238 1781 1298 quae

89 1319 432 1379 finxerunt
459 1316 696 1397 pariter
725 1315 984 1377 libarius
1011 1314 1420 1395 archimagiri

0 1424 26 1473 ι.
91 1418 440 1497 carptores.
532 1414 701 1494 quod
730 1413 903 1475 enim
931 1413 1233 1474 dubitant
1261 1433 1640 1494 componere
1668 1414 1910 1477 crimen

0 1540 6 1567 ι
91 1513 164 1576 111
195 1512 513 1586 dominos,
549 1511 841 1592 quotiens
871 1511 1233 1585 rumoribus
1260 1511 1665 1574 ulciscuntur

90 1611 358 1674 baltea?
442 1629 557 1672 nec
584 1608 751 1672 derit
780 1608 891 1689 qui
920 1612 983 1670 te
1012 1628 1125 1689 per
1154 1609 1436 1689 compita
1466 1613 1728 1688 quaerat

3 1770 32 1785 „
92 1709 432 1771 nolentem
460 1709 528 1768 et
554 1706 846 1768 miseram
878 1705 1135 1767 vinosus
1163 1706 1437 1768 inebriet
1465 1725 1705 1769 aurem.

94 1805 243 1868 illos
271 1825 424 1884 ergo
451 1823 633 1883 roges
661 1803 976 1883 quidquid
1007 1803 1198 1883 paulo
1226 1806 1375 1866 ante
1407 1804 1664 1884 petebas

95 1924 135 1967 a
162 1903 371 1977 nobis,
407 1906 658 1964 taceant
682 1900 801 1962 illi.
889 1901 994 1963 sed
1026 1901 1290 1981 prodere
1320 1902 1572 1963 malunt

0 2042 14 2063 1
96 2019 407 2065 arcanum
437 2019 629 2080 quam
657 1997 942 2079 subrepti
971 2002 1192 2079 potare
1222 1998 1501 2072 Falerni,

93 2119 217 2182 pro
245 2097 489 2181 populo
515 2095 753 2159 faciens
783 2099 1097 2177 quantum
1130 2096 1385 2158 Saufeia
1416 2096 1690 2159 bibebat.

94 2197 453 2260 vivendum
482 2198 650 2257 recte
678 2197 792 2266 est,
827 2214 975 2256 cum
1004 2198 1266 2275 propter
1293 2194 1575 2276 plurima
1604 2198 1760 2257 tunc
1788 2195 1891 2257 1113

103 2293 379 2376 [idcirco
406 2297 482 2354 ut
509 2293 707 2374 possis
733 2292 1020 2371 linguam
1049 2296 1455 2355 contemnere
1485 2290 1676 2372 servi]

95 2392 443 2475 praecipue
472 2390 694 2464 causis,
728 2392 806 2451 ut
832 2388 1083 2470 linguas
1111 2389 1579 2471 mancipiorum

0 2517 34 2586 ¹?
97 2494 493 2552 contemnas.
583 2507 699 2549 nec
727 2486 949 2567 lingua
976 2486 1127 2548 mali
1157 2506 1302 2567 pars
1330 2487 1600 2567 pessima
1628 2488 1814 2550 servi.

100 2586 385 2660 deterior
414 2590 627 2648 tamen
656 2585 761 2647 hic
791 2585 902 2664 qui
931 2585 1090 2647 liber
1119 2605 1248 2646 non
1280 2585 1403 2646 erit
1432 2585 1580 2660 illis,

102 2703 382 2765 quorum
409 2683 651 2745 animas
677 2687 745 2744 et
768 2682 940 2744 farre
968 2702 1081 2744 suo
1110 2683 1392 2744 custodit
1420 2686 1486 2744 et
1513 2703 1671 2746 aere.

190 2782 209 2811 ‘
228 2780 390 2843 utile
418 2779 755 2842 consilium
785 2781 993 2853 modo,
1028 2780 1137 2841 sed
1167 2799 1525 2854 commune,
1562 2780 1814 2842 dedisti.

4 2903 66 2958 4
101 2898 282 2941 nunc
309 2877 471 2939 mihi
500 2876 654 2958 quid
683 2877 907 2939 suades
934 2880 1079 2956 post
1106 2878 1415 2939 damnum
1446 2878 1749 2959 temporis
1776 2881 1843 2940 et
1869 2898 2010 2960 spes

102 2977 401 3056 deceptas
419 2977 449 3036 Ῥ
529 2973 793 3037 festinat
821 2973 992 3037 enim
1022 2974 1354 3036 decurrere
1383 2974 1568 3037 velox

6 3105 52 3166 ι)
102 3072 404 3135 flosculus
430 3075 735 3152 angustae
764 3071 1150 3151 miseraeque
1179 3061 1545 3134 breuissima
1573 3072 1742 3135 vitae

31 3217 44 3226 .
103 3170 346 3252 porti03
389 3171 546 3231 dum
578 3169 872 3242 bibimus,
906 3169 1063 3230 dum
1092 3172 1259 3231 serta
1288 3175 1619 3249 unguenta
1649 3171 1892 3250 puellas

9 3283 10 3290 ’
104 3268 441 3350 poscimus,
479 3267 725 3347 obrepit
757 3287 885 3329 non
914 3267 1239 3329 intellecta
1267 3269 1606 3330 senectus.’

11 3413 63 3425 ,l
188 3385 271 3427 ne
300 3365 568 3446 trepida,
605 3384 956 3444 numquam
985 3364 1279 3445 pathicus
1307 3364 1428 3427 tibi
1458 3366 1624 3427 derit
1652 3367 1894 3429 amicus

109 3464 423 3528 stantibus
450 3467 514 3525 et
544 3462 728 3524 salvis
755 3463 857 3526 his
884 3463 1169 3525 collibus.
1260 3464 1548 3544 undique
1575 3466 1656 3526 ad
1685 3465 1826 3527 illos

110 3561 488 3646 convenient
515 3566 581 3622 et
607 3560 925 3641 carpentis
951 3565 1017 3622 et
1044 3559 1311 3623 navibus
1340 3581 1559 3623 omnes

111 3660 218 3742 qui
248 3659 453 3740 digito
482 3659 777 3740 scalpunt
804 3679 935 3720 uno
962 3662 1175 3740 caput.
1266 3659 1469 3720 altera
1496 3659 1696 3721 maior

15 3787 46 3822 ⁴1
112 3777 249 3841 spes
274 3761 577 3839 superest.
668 3759 742 3817 tu
771 3759 1028 3819 tantum
1056 3756 1259 3819 erucis
1288 3755 1563 3837 inprime
1592 3757 1872 3820 dentem.

2188 443 2307 504 100

2190 931 2306 992 105

2188 1416 2308 1476 110

2190 1904 2306 1964 115
2428 1930 2435 1936 ·

2192 2357 2310 2451 120

2192 2885 2309 2944 125

2192 3371 2309 3431 130
