2787 4328
1036 304 1204 349 SATV
1212 303 1305 349 ΒΑ
1349 305 1445 350 XV

24 516 31 525 ,
96 474 142 515 a
173 473 383 534 grege
414 457 768 529 mutorum,
801 458 994 536 atque
1022 455 1165 518 ideo
1194 457 1550 520 venerabile
1580 457 1696 521 soli

100 551 337 613 sortiti
370 550 706 631 ingenium
735 551 1230 633 divinorumque
1259 574 1515 635 capaces

97 652 320 728 atque
349 649 717 713 exercendis
744 650 1196 731 pariendisque
1224 652 1469 714 artibus
1496 653 1633 733 apti

99 766 381 808 sensum
413 767 450 808 a
478 746 728 808 caelesti
760 747 1106 809 demissum
1141 750 1451 811 traximus
1479 770 1642 825 arce,

101 844 312 906 cuius
339 848 531 923 egent
558 864 760 925 prona
787 849 853 906 et
881 849 1115 908 terram
1148 848 1519 928 spectantia.
1608 850 1837 912 mundi

99 942 442 1022 principio
470 942 742 1003 indulsit
770 945 1128 1006 communis
1156 945 1449 1007 conditor
1479 946 1605 1008 illis

100 1043 379 1100 tantum
410 1039 676 1113 animas,
710 1040 892 1102 nobis
919 1041 1211 1102 animum
1241 1061 1515 1122 quoque,
1549 1048 1816 1107 mutuus
1843 1049 1918 1106 ut
1949 1065 2063 1107 nos

100 1137 418 1198 adfectus
446 1141 662 1217 petere
690 1138 1003 1199 auxilium
1033 1142 1100 1200 et
1127 1143 1450 1218 praestare
1481 1141 1750 1216 iuberet,

100 1234 434 1314 dispersos
463 1234 711 1297 trahere
740 1236 809 1296 in
838 1237 1174 1317 populum,
1209 1237 1484 1317 migrare
1516 1242 1765 1302 vetusto

100 1333 191 1394 de
222 1328 486 1394 nemore
514 1335 580 1394 et
605 1333 858 1413 proavis
884 1333 1200 1396 habitatas
1227 1335 1519 1415 linquere
1548 1336 1758 1411 silvas,
1816 1377 1821 1381 -

102 1429 450 1492 aedificare
479 1431 720 1505 domos,
755 1431 992 1494 laribus
1020 1433 1406 1513 coniungere
1436 1434 1668 1496 nostris

104 1530 366 1589 tectum
394 1528 594 1602 aliud,
629 1532 804 1590 tutos
835 1529 1043 1592 vicino
1071 1530 1298 1592 limine
1326 1551 1580 1593 somnos

104 1626 188 1685 ut
217 1624 453 1686 collata
481 1625 662 1686 daret
690 1626 945 1699 fiducia,
980 1631 1310 1707 protegere
1338 1629 1533 1690 armis

72 1774 79 1777 ,
104 1721 369 1802 lapsum
398 1725 512 1784 aut
542 1722 787 1802 ingenti
821 1727 1162 1786 nutantem
1193 1725 1455 1787 vulnere
1482 1726 1708 1801 civem,

105 1820 440 1882 communi
474 1821 623 1883 dare
652 1821 833 1901 signa
861 1823 1040 1897 tuba,
1075 1823 1409 1885 defendier
1436 1824 1637 1885 isdem

107 1918 404 1980 turribus
430 1924 624 1999 atque
658 1939 783 1980 una
812 1929 1141 2000 portarum
1174 1922 1346 1983 clave
1380 1921 1603 1983 teneri.

106 2016 219 2078 sed
252 2015 382 2076 iam
410 2020 779 2096 serpentum
810 2017 1010 2079 maior
1038 2019 1396 2093 concordia,
1431 2019 1637 2100 parcit

106 2113 402 2194 cognatis
431 2113 698 2176 maculis
727 2113 953 2177 similis
982 2116 1137 2190 fera,
1174 2118 1431 2196 quando
1459 2117 1627 2180 leoni

106 2212 343 2275 sortior
371 2212 611 2293 eripuit
639 2213 836 2275 vitam
867 2215 965 2276 leo
984 2216 1014 2275 ‘1’
1098 2235 1223 2295 quo
1254 2236 1508 2278 nemore
1540 2237 1847 2297 umquam

107 2310 427 2391 expiravit
456 2331 606 2392 aper
636 2311 888 2373 maioris
918 2312 1219 2374 dentibus
1246 2313 1437 2394 apri?

109 2407 338 2470 Indica
367 2408 552 2488 tigris
578 2409 712 2488 agit
741 2409 959 2471 rabida
987 2430 1135 2471 cum
1166 2410 1400 2490 tigride
1427 2432 1645 2491 pacem

110 2509 512 2588 perpetuam,
550 2506 750 2568 saevis
779 2507 949 2568 inter
978 2528 1041 2569 se
1071 2508 1370 2569 convenit
1400 2509 1585 2571 ursis.
1671 2519 1683 2527 ‘

110 2607 209 2666 ast
237 2603 484 2665 homini
513 2604 761 2665 ferrum
791 2604 976 2666 letale
1007 2605 1239 2667 incude
1269 2607 1549 2668 nefanda

111 2701 483 2782 produxisse
513 2722 741 2783 parum
773 2706 890 2776 est,
923 2723 1070 2764 011111
1102 2707 1301 2765 rastra
1330 2708 1396 2765 et
1424 2704 1668 2766 sarcula
1700 2708 1953 2767 tantum

111 2799 356 2861 adsueti
385 2819 656 2880 coquere
685 2804 751 2862 et
778 2800 1005 2862 marris
1033 2821 1107 2863 ac
1136 2820 1387 2863 vomere
1415 2801 1560 2863 lassi

112 2896 451 2959 nescierint
478 2896 671 2978 primi
701 2898 944 2978 gladios
972 2899 1315 2960 extendere
1344 2898 1529 2961 fabri.

114 2994 453 3075 aspicimus
481 2995 753 3076 populos
782 3016 1057 3077 quorum
1090 3016 1217 3058 non
1247 2997 1483 3080 sufficit
1511 2997 1640 3060 irae

115 3091 408 3155 occidisse
437 3092 738 3173 aliquem,
773 3095 880 3155 sed
909 3097 1165 3175 pectora
1193 3094 1488 3157 bracchia
1515 3097 1761 3157 voltum

28 3265 29 3268 Ἴ
116 3189 497 3251 crediderint
524 3211 725 3271 genus
753 3211 881 3253 esse
910 3191 1057 3253 cibi.
1146 3192 1302 3271 quid
1333 3191 1572 3254 diceret
1600 3214 1748 3274 ergo

118 3287 210 3350 vel
239 3307 364 3368 quo
394 3307 523 3349 non
552 3289 826 3367 fugeret,
860 3288 912 3350 si
943 3309 1117 3351 nunc
1145 3288 1298 3352 haec
1330 3294 1610 3352 monstra
1639 3292 1883 3354 videret

121 3385 520 3465 Pythagoras,
554 3386 803 3448 cunctis
831 3386 1212 3448 animalibus
1240 3387 1552 3449 abstinuit
1581 3388 1692 3467 qui

120 3487 437 3563 tamquam
467 3482 726 3546 homine
756 3487 823 3545 et
852 3482 1060 3546 ventri
1090 3483 1362 3545 indulsit
1392 3504 1520 3546 non
1549 3504 1736 3548 omne
1766 3487 2062 3567 legumen
2081 3490 2111 3549 P

363 3599 401 3651 8

2221 312 2337 376 113

2219 659 2334 719 145

2212 1146 2330 1206 150

2208 1634 2323 1694 155

2205 2123 2319 2183 160

2201 2612 2314 2672 165

2197 3100 2313 3163 170
