2787 4328
432 249 518 316 74
1166 248 1229 293 n.
1280 247 1476 294 1vn11
1518 248 1900 296 IVVENALIS

427 404 502 461 ut
528 399 714 463 rebus
742 398 922 461 laetis
949 418 1065 479 par
1092 396 1176 460 sit
1204 419 1502 461 mensura
1535 400 1845 462 malorum
1869 403 1898 461 Ῥ

424 498 617 560 huius
646 496 757 578 qui
789 496 1067 557 trahitur
1094 500 1488 577 praetextam
1518 518 1763 560 sumere
1793 500 2012 573 mavis,

424 617 507 658 an
538 595 925 657 Fidenarum
956 594 1429 676 Gabiorumque
1459 616 1586 657 esse
1612 601 1891 681 potestas

425 699 491 757 et
519 695 596 756 de
625 713 922 755 mensura
947 692 1048 753 ius
1075 693 1304 767 dicere,
1339 714 1486 757 vasa
1514 696 1761 758 minora

425 793 719 872 frangere
747 810 1068 872 pannosus
1097 792 1309 854 vacuis
1336 793 1561 854 aedilis
1589 793 1887 889 Vlubris.
1869 796 1899 839 Ῥ

424 911 572 971 ergo
603 892 757 972 quid
787 891 1140 971 optandum
1170 892 1358 966 foret,
1395 892 1714 971 ignorasse
1742 870 1962 955 fateris

427 990 755 1065 Seianum;
800 1009 951 1050 nam
981 989 1091 1069 qui
1121 990 1351 1051 nimios
1378 991 1640 1070 optabat
1667 990 1937 1052 honores

424 1091 488 1148 et
520 1087 745 1151 nimias
771 1088 1068 1168 poscebat
1096 1108 1264 1168 opes,
1298 1108 1637 1149 numerosa
1661 1088 1923 1169 parabat

423 1185 697 1247 excelsae
725 1186 922 1247 turris
954 1185 1255 1260 tabulata,
1289 1187 1462 1247 unde
1491 1186 1680 1248 altior
1707 1190 1867 1248 esset

423 1302 602 1344 casus
629 1286 694 1345 et
721 1283 1009 1363 inpulsae
1039 1303 1335 1363 praeceps
1364 1284 1623 1346 inmane
1653 1283 1892 1345 ruinae.

424 1380 577 1460 quid
611 1380 882 1455 Crassos,
918 1374 1073 1461 quid
1104 1381 1438 1461 Pompeios
1466 1380 1695 1443 evertit
1723 1385 1788 1442 et
1815 1381 2022 1456 illum,

421 1479 503 1540 ad
532 1499 644 1541 sua
672 1479 783 1560 qui
813 1480 1085 1541 domitos
1114 1479 1382 1540 deduxit
1409 1479 1606 1559 flagra
1635 1479 1913 1554 Quirites
1931 1481 1960 1539 Ῥ

422 1596 707 1639 summus
736 1593 965 1657 nempe
994 1577 1169 1639 100118
1196 1576 1376 1638 nulla
1404 1597 1537 1638 non
1564 1580 1699 1638 arte
1727 1577 1968 1656 petitus

421 1674 777 1755 magnaque
804 1675 1176 1736 numinibus
1205 1682 1351 1737 vota
1377 1674 1677 1747 exaudita
1703 1674 2023 1754 malignis.

419 1772 501 1833 ad
527 1791 835 1853 generum
867 1771 1112 1834 Cereris
1140 1772 1275 1833 sine
1303 1773 1492 1834 caede
1519 1792 1592 1834 ac
1619 1772 1881 1834 vulnere
1909 1772 2096 1852 pauci

420 1870 815 1956 descendunt
843 1890 1019 1950 reges
1047 1874 1114 1931 et
1140 1870 1304 1931 sicca
1332 1873 1538 1932 morte
1567 1870 1848 1949 tyranni.

499 1967 823 2046 eloquium
853 1973 965 2028 aut
992 1969 1230 2029 famam
1263 1968 1712 2029 Demosthenis
1739 1971 1854 2029 aut
1884 1967 2206 2030 Ciceronis

417 2064 648 2145 incipit
676 2068 893 2145 optare
921 2069 985 2126 et
1013 2065 1165 2126 totis
1194 2065 1686 2145 quinquatribus
1715 2069 1894 2145 optat

419 2162 705 2243 quisquis
732 2162 942 2224 adhuc
970 2183 1100 2224 uno
1128 2183 1382 2247 parcam
1413 2162 1567 2225 colit
1594 2183 1727 2225 asse
1758 2162 2133 2238 Minervam,

419 2280 608 2341 quem
637 2261 926 2341 sequitur
953 2264 1163 2323 custos
1190 2265 1496 2341 angustae
1523 2262 1787 2324 vernula
1814 2242 2056 2342 capsae.

416 2358 666 2438 eloquio
694 2359 802 2421 sed
830 2362 1097 2439 uterque
1126 2359 1293 2439 perit
1320 2364 1551 2433 orator,
1585 2363 1932 2440 utrumque

416 2455 629 2534 largus
656 2460 721 2518 et
748 2456 1078 2517 exundans
1105 2455 1233 2517 leto
1262 2456 1441 2517 dedit
1469 2456 1712 2536 ingenii
1739 2457 1906 2518 fons.
2176 2528 2188 2541 ·

415 2552 676 2632 ingenio
705 2572 931 2614 manus
986 2556 1081 2614 est
1108 2556 1174 2614 et
1202 2555 1415 2614 cervix
1444 2573 1638 2628 caesa,
1674 2574 1791 2616 nec
1821 2575 2126 2634 umquam

415 2650 724 2729 sanguine
752 2650 1053 2711 causidici
1082 2651 1473 2711 maduerunt
1504 2655 1704 2713 rostra
1732 2652 1969 2732 pusilli.

419 2747 437 2776 ‘
457 2768 494 2809 o
523 2747 915 2809 fortunatam
949 2751 1164 2809 natam
1195 2768 1295 2808 me
1324 2749 1581 2811 consule
1611 2749 1878 2810 Romam
1903 2750 1951 2809 ἐ

416 2844 661 2906 Antoni
689 2845 932 2925 gladios
960 2845 1173 2925 potuit
1200 2849 1630 2919 contemnere,
1664 2846 1716 2907 si
1745 2846 1833 2907 sic

414 2943 628 3004 omnia
656 2943 935 3004 dixisset.
1026 2942 1292 3004 ridenda
1318 2946 1612 3023 poemata
1639 2943 1806 3005 malo

285 3066 385 3150 1
414 3060 605 3121 quam
635 3044 720 3114 te,
753 3040 1125 3120 conspicuae
1154 3040 1371 3102 divina
1401 3041 1761 3121 Philippica
1788 3042 2015 3116 famae,

377 3187 382 3212 ,
377 3138 678 3200 volveris
705 3158 743 3199 a
769 3138 975 3218 prima
1005 3157 1163 3217 quae
1192 3138 1501 3218 proxima.
1590 3159 1808 3200 saevus
1836 3143 1901 3200 et
1929 3139 2114 3202 illum

411 3235 619 3297 exitus
648 3235 907 3316 eripuit,
943 3255 1130 3315 quem
1160 3235 1560 3297 mirabantur
1587 3236 1879 3299 Athenae

410 3336 759 3396 torrentem
789 3336 854 3394 et
882 3332 1056 3413 pleni
1087 3334 1525 3395 moderantem
1553 3335 1736 3396 frena
1766 3334 2023 3396 theatri.

411 3432 507 3493 dis
535 3432 642 3493 ille
670 3430 945 3493 adversis
971 3431 1226 3510 genitus
1253 3432 1516 3512 fatoque
1544 3432 1821 3507 sinistro,

411 3549 599 3610 quem
628 3533 811 3609 pater
837 3529 1119 3591 ardentis
1147 3549 1382 3591 massae
1411 3529 1687 3610 fuligine
1715 3530 1931 3611 lippus

408 3646 446 3689 a
472 3627 741 3689 carbone
768 3629 834 3688 et
861 3626 1211 3708 forcipibus
1238 3627 1607 3707 gladiosque
1634 3626 1889 3708 paranti

408 3723 639 3786 incude
668 3726 735 3786 et
761 3724 937 3787 luteo
964 3724 1255 3788 Vulcano
1284 3725 1364 3786 ad
1396 3724 1652 3787 rhetora
1679 3724 1873 3786 misit.

2527 606 2667 663 100

2515 1094 2645 1152 105

2484 1566 2635 1641 ’110
2774 1548 2778 1683 l

2505 2072 2621 2131 115
