2787 4328
416 249 503 329 98
1153 261 1217 305 n.
1269 260 1463 307 wrm
1507 260 1892 307 rvaNAms
2626 6 2764 415 1

417 431 594 473 mens
622 420 688 473 et
714 431 796 474 an
825 410 946 473 hoc
974 410 1070 473 illi
1099 411 1351 473 facinus
1379 412 1673 473 suaderet
1702 410 1951 493 Apelle.

415 509 697 595 reddidit
723 528 872 589 ergo
901 513 1100 582 metu,
1135 528 1264 570 non
1294 509 1599 584 moribus,
1632 513 1697 571 et
1726 506 1940 571 tamen
1970 529 2222 571 omnem
2752 446 2764 555 Ι

417 606 836 687 voeeQadyti
865 606 1128 686 dignam
1161 608 1401 688 templo
1430 620 1769 688 veramque
1797 600 2090 688 probavit
2501 613 2618 672 205

413 704 736 766 extinctus
763 686 899 766 tota
926 704 1164 785 pariter
1192 724 1341 765 cum
1369 706 1548 785 prole
1577 705 1894 784 domoque
2754 602 2763 865 1

414 803 799 885 et‚quamvis
829 802 1017 883 longa
1044 801 1335 864 deductis
1362 802 1980 883 gente,propinquis.
2021 827 2029 835 ·

413 899 526 961 has
554 901 800 981 patitur
827 920 1058 981 poenas
1087 900 1388 981 peccandi
1420 901 1549 962 sola
1580 901 1895 963 voluntas·

415 1017 562 1058 nam
593 998 795 1059 scelus
823 998 994 1059 intra
1021 1018 1085 1059 se
1113 997 1381 1059 tacitum
1416 997 1528 1077 qui
1557 998 1797 1079 cogitat
1826 998 2057 1072 ullum,

412 1094 566 1156 facti
598 1096 835 1156 crimen
866 1095 1075 1157 habet.
1165 1096 1318 1157 cedo
1345 1095 1400 1157 si
1428 1101 1655 1157 conata
1681 1095 1946 1176 peregit.
2412 1095 2429 1113 ⁸
2502 1101 2626 1160 210

413 1198 722 1272 perpetua
748 1193 1052 1265 anxietaS,
1089 1213 1205 1254 nec
1234 1212 1484 1254 mensae
1517 1196 1800 1273 tempore
1827 1196 2049 1263 cessat,

413 1289 707 1351 faucibus
736 1293 812 1350 ut
840 1291 1059 1352 morbo
1088 1290 1266 1352 siccis
1299 1290 1594 1370 interque
1624 1290 1895 1353 molares

414 1387 659 1449 difficili
690 1392 1006 1450 crescente
1034 1388 1195 1461 cibo,
1230 1389 1336 1449 sed
1370 1389 1517 1450 vina
1546 1389 1830 1451 misellus

411 1486 658 1567 expuit,
693 1484 926 1548 Albani
959 1486 1185 1547 veteris
1213 1486 1487 1566 pretiosa
1515 1491 1803 1548 senectus
2289 1567 2296 1574 ἡ

412 1584 734 1664 displicet;
778 1584 1069 1645 ostendas
1097 1583 1345 1657 melius,
1379 1584 1752 1645 densissima
1778 1603 1940 1665 ruga
2497 1589 2625 1648 215

411 1681 663 1762 cogitur
690 1681 758 1742 in
788 1681 1065 1743 frontem
1097 1681 1272 1742 velut
1298 1681 1428 1742 acri
1457 1681 1653 1743 ducta
1681 1681 1971 1744 Falerno·

412 1783 595 1840 nocte
624 1780 876 1841 brevem
906 1778 958 1840 si
987 1779 1154 1841 forte
1182 1778 1456 1840 indulsit
1483 1798 1636 1840 cura
1664 1799 1951 1860 soporem

411 1881 476 1938 et
502 1880 640 1938 toto
672 1880 914 1938 versata
942 1880 1080 1938 toro
1109 1876 1235 1938 iam
1266 1876 1550 1938 membra
1579 1875 1939 1956 quiescunt,

410 1974 717 2035 continuo
748 1975 1061 2053 templum
1090 1977 1156 2035 et
1188 1973 1403 2034 violati
1432 1973 1720 2036 numinis
1747 1994 1885 2037 aras

409 2075 474 2134 et
504 2072 673 2152 quod
704 2071 1059 2152 praecipuis
1087 2075 1372 2132 mentem
1403 2071 1741 2133 sudoribus
1769 2075 2026 2153 urguet,
2491 2077 2622 2136 220

410 2176 473 2232 te
502 2169 677 2233 videt
704 2171 769 2231 in
803 2170 1067 2246 somnis3
1113 2173 1226 2232 tua
1254 2155 1427 2232 sacra
1454 2174 1520 2232 et
1547 2170 1748 2233 maior
1776 2170 1986 2251 imago

407 2269 692 2330 humana
720 2269 938 2329 turbat
966 2267 1270 2348 pavidum
1300 2267 1598 2347 cogitque
1626 2269 1834 2330 fateri.
2142 2303 2396 2319 --—-—-

408 2366 477 2426 hi
508 2368 661 2427 sunt
691 2364 800 2445 qui
832 2364 1159 2445 trepidant
1188 2368 1254 2425 et
1281 2365 1361 2426 ad
1392 2365 1607 2426 omnia
1635 2366 1898 2446 fulgura
1927 2367 2191 2447 pallent,

409 2483 557 2525 cum
586 2465 786 2534 tonat,
821 2461 1130 2523 exanimis
1156 2462 1365 2542 primo
1395 2482 1649 2542 quoque
1678 2483 2008 2526 murmure
2035 2462 2213 2538 caeli,

408 2580 538 2621 non
568 2560 745 2639 quasi
775 2559 1087 2621 fortuitus
1114 2579 1230 2621 nec
1259 2563 1600 2621 ventorum
1630 2560 1803 2622 rabie
1831 2561 1939 2622 sed
2491 2565 2611 2624 225

407 2658 611 2719 iratus
638 2659 824 2719 cadat
851 2657 920 2717 in
950 2661 1147 2719 terras
1173 2661 1239 2719 et
1266 2656 1509 2719 iudicet
1537 2657 1724 2738 ignis.

407 2756 519 2817 illa
545 2755 711 2816 nihil
742 2755 983 2827 nocuit,
1019 2775 1173 2817 cura
1200 2755 1486 2832 graviore
1514 2755 1782 2816 timetur

406 2853 698 2934 proxima
727 2856 1066 2933 tempestas
1095 2852 1273 2914 velut
1301 2852 1422 2914 hoc
1450 2853 1650 2914 dilata
1678 2873 1917 2915 sereno.

406 2955 727 3032 praeterea
754 2951 970 3012 lateris
998 2949 1178 3030 vigili
1209 2970 1357 3012 cum
1385 2950 1562 3011 febre
1591 2950 1871 3012 dolorem
2740 2948 2756 2990 ¹

406 3049 457 3110 si
488 3069 744 3128 coepere
772 3047 928 3128 pati,
963 3047 1228 3109 missum
1258 3047 1335 3108 ad
1366 3066 1481 3109 sua
1508 3067 1772 3128 corpora
1799 3049 2094 3111 morbum
2492 3055 2610 3112 230
2728 3088 2756 3133 ς

406 3147 640 3234 infesto
668 3146 940 3207 credunt
966 3166 1005 3207 a
1031 3145 1318 3219 numine,
1353 3165 1502 3207 saxa
1530 3146 1794 3207 deorum

405 3244 559 3305 haec
589 3247 652 3304 et
685 3245 806 3305 tela
833 3246 1085 3324 putant.
1177 3243 1487 3320 pecudem
1517 3244 1826 3323 spondere
1857 3245 2081 3318 sacello

406 3343 720 3403 balantem
754 3345 819 3402 et
849 3341 1116 3402 Laribus
1143 3340 1399 3402 cristam
1430 3341 1804 3432 promittere
1833 3342 1984 3421 galli

406 3461 530 3501 non
564 3441 831 3514 audent3
878 3439 1033 3519 quid
1062 3439 1233 3501 enim
1265 3459 1512 3519 sperare
1544 3440 1919 3501 nocentibus
1947 3440 2148 3519 aegris

405 3559 764 3600 concessum
787 3541 816 3598 ‘P
900 3539 995 3599 vel
1028 3558 1187 3618 quae
1220 3558 1343 3599 non
1376 3537 1633 3617 dignior
1665 3538 1870 3600 hostia
1898 3538 2031 3600 vita
2049 3541 2093 3620 ⁴?-
2488 3543 2606 3602 235

405 3636 655 3697 mobilis
682 3642 747 3697 et
775 3636 947 3697 varia
975 3640 1068 3698 est
1096 3637 1296 3698 ferme
1326 3639 1556 3697 natura
1585 3636 1929 3712 malorum;

404 3754 551 3798 cum
582 3733 782 3798 scelus
809 3733 1187 3807 admittunt,
1221 3737 1507 3814 superest
1534 3733 1920 3797 constantia:
1966 3735 2138 3817 quod
2167 3734 2265 3797 fas
