2787 4328
1100 238 1367 282 SATVRA
1413 239 1488 282 VI

175 390 427 464 Maura,
465 388 822 450 Pudicitiae
853 391 1130 450 veterem
1160 407 1306 449 cum
1337 389 1644 469 praeterit
1670 411 1866 453 aram.

173 489 473 549 noctibus
502 487 610 548 hio
639 490 893 567 ponunt
922 486 1195 560 lecticaS,
1232 487 1618 549 micturiunt
1645 489 1750 551 hic

168 586 579 666 effigiemque
608 585 758 645 deae
787 583 995 663 longis
1024 585 1399 664 siphonibus
1428 587 1699 667 implent

169 685 371 763 inque
403 684 570 744 vices
598 682 889 761 equitant
918 702 990 743 ac
1020 683 1115 744 Lu
1127 704 1206 744 na
1235 688 1393 745 teste
1424 689 1782 760 moventur,

167 782 326 844 inde
355 783 576 842 domos
603 781 871 841 abeunt:
917 785 990 840 tu
1019 782 1219 843 calcas
1246 783 1388 844 luce
1419 802 1662 844 reversa

165 881 463 960 coniugis
492 879 747 940 urinam
778 897 1041 957 magnos
1071 879 1321 941 visurus
1350 881 1604 942 amicos.

167 982 328 1039 nota
358 979 556 1040 bonae
588 982 823 1039 secreta
852 979 1025 1052 deae,
1061 998 1207 1039 cum
1239 978 1396 1039 tibia
1424 978 1673 1040 lumbos

165 1074 403 1136 incitat
431 1078 496 1137 et
524 1095 723 1136 cornu
752 1076 991 1156 pariter
1018 1076 1290 1155 vinoque
1321 1076 1622 1137 feruntur

163 1174 484 1235 attonitae
514 1173 878 1254 crinemque
908 1177 1124 1235 rotant
1154 1174 1533 1253 ululantque
1564 1174 1778 1255 Priapi

163 1271 527 1332 maenades,
621 1291 657 1332 o
687 1276 964 1351 quantus
994 1276 1152 1332 tunc
1182 1271 1309 1332 illis
1338 1271 1660 1333 mentibus
1689 1273 1876 1333 ardor

163 1368 573 1442 concubituS,
608 1388 765 1448 quae
797 1389 916 1431 vox
946 1370 1214 1430 saltante
1243 1369 1531 1442 libidine,
1567 1373 1844 1448 quantus

163 1465 279 1529 ille
309 1466 468 1526 meri
499 1466 729 1527 veteris
758 1486 869 1546 per
897 1487 1083 1528 crura
1113 1466 1435 1528 madentia
1465 1470 1731 1528 torrens.

160 1563 477 1623 lenonum
507 1563 1003 1643 aneillas'posita
1035 1564 1289 1626 Saufeia
1319 1583 1548 1625 corona

164 1663 471 1740 provocat
498 1681 572 1722 ac
600 1661 773 1722 tollit
801 1661 1139 1741 pendentis
1167 1661 1446 1740 praemia
1476 1681 1686 1736 coxae,

163 1757 305 1838 ipsa
335 1758 725 1820 Medullinae
754 1758 1022 1819 fluctum
1054 1759 1344 1820 crisantis
1371 1759 1621 1834 adorat3

162 1855 381 1935 palma
409 1856 577 1918 inter
607 1856 896 1918 dominas
926 1856 1128 1917 virtus
1158 1857 1477 1918 natalibus
1505 1876 1718 1937 aequa.

164 1953 260 2013 nil
293 1953 379 2013 ibi
412 1973 529 2034 per
556 1954 784 2014 ludum
815 1953 1238 2027 simulabitur,
1274 1954 1488 2014 omnia
1518 1954 1673 2014 fient

161 2051 246 2112 ad
277 2071 521 2125 verum,
558 2052 787 2131 quibus
815 2051 1069 2113 incendi
1100 2051 1226 2112 iam
1255 2051 1531 2130 frigidus
1559 2071 1709 2113 aevo

163 2148 739 2212 Laomedontiades
766 2155 831 2211 et
860 2149 1146 2211 Nestoris
1174 2148 1398 2211 hirnea
1425 2150 1640 2229 possit.

162 2250 324 2308 tunc
352 2248 617 2328 prurigo
646 2267 857 2309 morae
885 2248 1223 2325 inpatiens,
1259 2250 1401 2307 tum
1431 2247 1670 2308 femina
1699 2248 1987 2328 simplex,

161 2365 235 2406 ao
264 2346 507 2426 pariter
538 2350 671 2407 toto
702 2346 1008 2425 repetitus
1038 2345 1275 2406 clamor
1303 2346 1380 2406 ab
1411 2348 1595 2406 antro

167 2444 184 2471 ‘
207 2443 333 2504 iam
366 2444 463 2505 fas
491 2446 607 2516 est,
642 2443 909 2503 admitte
938 2442 1154 2504 viros.’
1240 2442 1367 2503 iam
1399 2442 1636 2503 dormit
1664 2443 1944 2504 adulter:

164 2540 275 2602 illa
303 2541 480 2602 iubet
510 2544 766 2620 sumpto
796 2540 1086 2601 iuvenem
1117 2559 1452 2620 properare
1481 2540 1761 2614 cucullo;

164 2639 214 2699 si
245 2638 411 2699 nihil
441 2642 559 2711 est,
593 2637 787 2699 servis
816 2637 1197 2713 incurritur3
1241 2637 1576 2698 abstuleris
1606 2657 1779 2717 spem

166 2756 509 2808 servorum,
544 2735 720 2796 venit
748 2739 813 2796 et
841 2736 1193 2796 conductus
1222 2735 1549 2815 aquarius3
1594 2735 1700 2795 hic
1730 2734 1780 2795 si

167 2834 492 2913 quaeritur
520 2837 584 2893 et
613 2834 846 2894 desunt
875 2832 1182 2906 homines,
1218 2852 1393 2894 mora
1423 2832 1601 2892 nulla
1627 2852 1743 2912 per
1771 2831 1973 2912 ipsam

168 2950 293 3010 quo
323 2931 537 2991 minus
565 2930 862 3011 imposito
890 2930 1145 2991 clunem
1175 2930 1538 2990 summittat
1565 2929 1771 2990 asello·

167 3031 356 3107 atque
384 3028 635 3089 utinam
665 3027 827 3088 ritus
856 3031 1095 3089 veteres
1123 3031 1187 3089 et
1214 3027 1472 3108 publica
1501 3027 1726 3087 saltem

167 3125 267 3186 his
295 3125 535 3186 intacta
562 3125 744 3186 malis
772 3129 1110 3205 agerentur
1139 3145 1331 3199 sacra,
1366 3125 1474 3186 sed
1506 3145 1720 3186 omnes

166 3227 482 3284 noverunt
513 3223 723 3283 Mauri
752 3227 943 3302 atque
973 3222 1121 3283 Indi
1153 3242 1311 3301 quae
1340 3222 1602 3303 psaltria
1631 3242 1857 3303 penem

167 3320 487 3394 maiorem,
524 3339 712 3399 quam
743 3323 895 3381 sunt
923 3321 1050 3381 duo
1083 3320 1361 3381 Caesaris
1391 3319 1825 3394 Anticatone8‚

167 3418 339 3492 illuc,
374 3417 653 3479 testiculi
684 3417 801 3478 sibi
832 3417 1117 3478 conscius
1149 3417 1317 3478 unde
1346 3416 1520 3495 fugit
1550 3437 1710 3490 111118,

166 3515 478 3589 intulerit,
515 3515 623 3576 ubi
654 3515 843 3577 velari
875 3514 1130 3594 pictura
1159 3514 1417 3575 iubetur

168 3633 600 3694 quaecumque
629 3613 889 3674 alterius
918 3631 1101 3673 sexus
1130 3611 1379 3673 imitata
1408 3612 1658 3691 figuras,

166 3716 229 3774 et
257 3712 399 3790 quis
427 3716 586 3772 tunc
612 3710 950 3772 hominum
980 3711 1381 3789 contemptor
1410 3709 1694 3771 numinis
1712 3712 1741 3771 *Ρ
1823 3715 1938 3773 aut
1967 3713 2108 3791 quis

2306 251 2387 316 39

2264 599 2384 656 310

2259 1082 2377 1140 315

2255 1569 2375 1628 320

2251 2059 2368 2117 325

2246 2547 2365 2603 330

2247 3035 2363 3094 335

2242 3522 2360 3579 340
