2787 4328
1082 271 1348 318 SATVRA
1393 271 1503 317 XII

148 420 300 483 ille
327 440 446 482 nec
474 425 814 501 argentum
845 422 1179 484 dubitabat
1208 423 1486 497 mittere,
1521 424 1730 487 lances

153 519 540 580 Parthenio
569 520 789 594 factas,
826 540 1021 582 urnae
1051 523 1293 583 cratera
1321 541 1613 601 capacem

151 622 250 678 et
282 616 557 696 dignum
590 617 844 679 sitiente
875 618 1074 680 Pholo
1104 620 1202 680 vel
1232 619 1501 698 coniuge
1532 620 1752 696 Fusci3

154 715 352 776 adde
383 717 449 776 et
476 716 819 777 bascaudas
847 720 912 778 et
940 716 1116 778 mille
1147 717 1402 790 escaria,
1437 718 1721 778 multum

157 812 436 885 caelati,
470 813 715 874 biberat
745 834 870 893 quo
900 815 1168 875 callidus
1196 819 1447 895 emptor
1478 815 1766 894 Olynthi,

129 990 134 991 ἶ
159 911 292 971 sed
329 909 471 989 quis
499 931 675 972 nunc
703 911 887 984 alius,
923 931 1048 991 qua
1077 912 1305 972 mundi
1333 917 1513 992 parte
1545 913 1687 992 quis
1715 914 1908 975 audet

160 1012 451 1087 argento
479 1009 797 1088 praeferre
829 1016 1023 1088 caput
1050 1009 1363 1089 rebusque
1393 1011 1663 1071 salutem
1683 1012 1712 1070 ’Β

162 1125 317 1167 non
347 1110 608 1187 propter
640 1106 835 1168 vitam
865 1107 1116 1167 faciunt
1144 1107 1530 1187 patrimonia
1561 1108 1843 1188 quidam,

168 1203 295 1264 sed
328 1203 488 1264 vitio
515 1204 680 1265 caeci
709 1207 970 1284 propter
998 1204 1383 1284 patrimonia
1417 1206 1663 1267 vivunt.

167 1300 464 1362 iactatur
492 1321 705 1362 rerum
735 1302 995 1362 utilium
1027 1322 1170 1381 pars
1199 1304 1495 1376 maxima,
1531 1304 1636 1365 sed
1669 1323 1847 1382 necffl

171 1399 421 1498 dianna
447 1399 680 1459 levant.
716 1413 748 1447 ν
771 1403 929 1460 tunc
956 1399 1231 1461 adversis
1261 1401 1686 1480 urguentibus
1714 1401 1868 1463 illuc

171 1467 448 1558 reccidit
478 1500 553 1557 ut
580 1497 821 1557 malum
851 1498 1020 1558 ferro
1050 1497 1503 1572 summitteret,
1537 1519 1610 1560 ac
1639 1519 1702 1560 se

173 1570 460 1674 explicat
488 1598 865 1687 angustum:
910 1594 1294 1669 discriminis
1324 1595 1575 1678 ultima,
1612 1596 1867 1676 quando
1958 1601 2035 1645 Μ’
2106 1617 2116 1635 ¹
2160 1618 2166 1629 ²

173 1691 498 1802 praesidia
525 1684 874 1753 adferimus
905 1712 1126 1754 navem
1156 1694 1407 1755 factura
1435 1694 1768 1755 minorem.

175 1789 199 1848 i
233 1809 412 1850 nunc
440 1792 506 1850 et
533 1789 738 1850 ventis
765 1789 1045 1850 animam
1074 1791 1406 1852 committe
1437 1792 1650 1852 dolato

174 1887 457 1948 confisus
483 1886 681 1966 ligno,
715 1886 935 1965 digitis
963 1908 999 1947 a
1026 1892 1230 1949 morte
1258 1891 1540 1949 remotus

176 1987 491 2063 quattuor
518 1986 633 2044 aut
661 1987 924 2063 septem,
961 1983 1011 2044 si
1042 1984 1124 2045 sit
1153 1985 1479 2058 latissima,
1514 1987 1759 2063 taedae3

172 2100 330 2141 mox
359 2101 506 2142 cum
537 2081 820 2142 reticulis
848 2085 913 2142 et
942 2100 1103 2161 pane
1131 2086 1195 2142 et
1229 2087 1444 2143 ventre
1473 2083 1735 2162 lagonae

174 2178 388 2259 aspice
418 2180 755 2241 sumendas
771 2179 852 2240 ,in
881 2182 1254 2260 tempestate
1284 2201 1548 2242 secures.
1575 2236 1614 2251 ,κ
1753 2174 1755 2176 ’

178 2277 286 2337 sed
318 2280 656 2356 postquam
686 2276 885 2338 iacuit
912 2276 1180 2356 planum
1210 2278 1402 2351 mare,
1437 2281 1724 2359 tempora
1751 2284 2088 2361 postquam

177 2393 478 2453 prospera
505 2373 772 2436 vectoris
799 2374 1136 2454 fatumque
1165 2375 1480 2436 valentius
1510 2396 1662 2437 euro

176 2475 244 2532 et
272 2472 517 2551 pelag0,
552 2476 887 2551 postquam
919 2472 1149 2533 Parcae
1181 2473 1440 2534 meliora
1470 2474 1742 2564 benigna

176 2588 375 2649 pensa
402 2589 598 2658 manu
627 2570 877 2629 ducunt
906 2569 1231 2651 hilares,et
1259 2570 1549 2632 staminis
1577 2571 1703 2632 albi

174 2664 488 2740 lanificae,
521 2666 771 2727 modica
797 2686 914 2728 nec
943 2668 1224 2728 multum
1253 2668 1484 2730 fortior
1511 2688 1665 2730 aura

176 2767 410 2826 ventus
437 2766 635 2838 adest,
670 2763 847 2845 inopi
876 2765 1249 2827 miserabilis
1283 2769 1418 2827 arte
1447 2766 1732 2846 cucurrit

176 2862 458 2924 vestibus
485 2857 758 2923 extentis
786 2866 870 2937 et,
907 2864 1076 2942 quod
1107 2867 1510 2943 superaverat
1540 2883 1766 2938 unum,

176 2960 316 3021 velo
343 2980 530 3041 prora
557 2980 692 3021 suo.
782 2960 907 3020 iam
937 2960 1377 3022 deficientibus
1406 2961 1636 3022 austris

176 3076 317 3136 spes
344 3057 510 3119 vitae
541 3078 688 3118 cum
719 3057 844 3119 sole
873 3058 1061 3120 reth.
1150 3061 1308 3119 tunc
1335 3062 1558 3138 gratus
1587 3058 1730 3121 Iulo

176 3158 368 3233 atque
398 3154 713 3216 novercali
745 3156 918 3217 sedes
946 3155 1225 3235 praelata
1256 3155 1499 3217 Lavino

176 3250 567 3331 conspicitur
595 3252 884 3313 sublimis
911 3271 1094 3332 apex,
1130 3253 1234 3312 cui
1264 3253 1537 3314 candida
1565 3273 1798 3316 nomen

176 3350 381 3410 scrofa
407 3349 607 3422 dedit,
642 3349 824 3411 laetis
855 3349 1214 3429 Phrygibus
1243 3350 1599 3412 miserabile
1629 3372 1874 3427 sumen,

174 3450 240 3509 et
267 3466 622 3526 numquam
651 3447 800 3509 visis
829 3448 1100 3528 triginta
1127 3448 1295 3509 clara
1321 3449 1657 3528 mamillis„

174 3545 434 3607 tandem
465 3545 665 3607 intrat
691 3546 926 3627 positas
954 3546 1201 3607 inclusa
1229 3567 1342 3627 per
1370 3568 1641 3628 aequora
1669 3549 1864 3611 moles
1916 3625 1921 3626 γ

176 3642 699 3724 Tyrrhenamque
727 3645 973 3725 pharon
1001 3649 1417 3725 porrectaque
1447 3645 1739 3708 bracchia
1768 3666 2024 3709 rursum

176 3759 336 3820 quae
365 3741 592 3821 pelago·
618 3745 962 3803 occurrunt
990 3740 1204 3804 medio
1231 3742 1546 3823 longeque
1575 3731 1957 3822 relinquunt

2312 623 2502 687 45‘

2311 1117 2388 1172 50

2303 2091 2380 2147 60

2299 2580 2374 2638 65

2298 3067 2373 3128 ’70

2297 3553 2370 3614 ’75
